2096 3129
1686 164 1738 201 39

255 277 328 315 illa
366 276 614 326 philosopha,
654 289 754 326 quae
791 278 832 315 in
866 278 974 316 initio
1005 278 1201 326 explicata
1230 280 1305 326 est,
1341 280 1535 315 servatur:
1576 277 1625 315 ad
1656 289 1739 315 eam

255 346 356 383 enim
394 345 521 382 omnia
559 344 786 392 referuntur,
826 357 925 394 quae
964 356 1084 394 usque
1123 344 1172 383 ad
1211 357 1248 394 p.
1276 344 1340 392 50,
1358 346 1382 382 2
1423 346 1592 391 exstant,
1632 346 1741 383 velut

255 412 359 462 quod
396 411 516 450 facies
546 413 662 451 Panis
701 424 750 451 ex
788 412 895 451 hirco
935 414 974 451 et
1012 412 1165 451 homine
1205 413 1411 451 commixta
1450 414 1525 459 est,
1564 412 1670 461 quod
1698 413 1740 450 in

254 479 524 518 solitudinibus
563 491 648 518 cum
686 479 878 529 Nymphis
917 479 1057 518 ludens
1096 483 1288 527 versatur,
1334 479 1438 529 quod
1482 479 1638 519 indutus
1682 483 1741 518 est

254 547 360 597 pelle
405 547 566 586 maculis
612 558 758 597 sparsa.
826 547 963 597 Neque
1002 549 1061 585 est
1101 557 1169 584 cur
1207 546 1247 584 in
1287 547 1562 586 sententiarum
1604 546 1739 585 ordine

255 615 503 653 offendamus.
570 615 724 653 Deinde
767 618 895 653 autem
939 616 1036 653 ratio
1080 616 1298 662 invertitur,
1341 615 1382 653 id
1421 615 1525 664 quod
1563 615 1640 653 iam
1679 615 1739 653 his

255 678 366 734 τάχα
405 674 444 722 δ’
473 678 567 722 ἐπεὶ
605 677 687 737 τὴν
727 680 958 735 ἐμμέλειαν
993 674 1239 738 ἆγριοφανῆ
1278 680 1352 722 καὶ
1387 677 1612 737 αὐστηρὰν
1642 676 1740 723 ἀλλ’

256 742 311 790 οὐ
353 745 466 802 πρὸς
509 747 720 801 ἐπίδειξιν
765 746 851 802 ἔχει
894 750 947 800 (p.
974 750 1039 798 50,
1056 751 1096 800 2)
1135 753 1407 800 praeparatum
1451 751 1739 800 insequentibus

255 829 347 856 vero
387 818 496 855 Pana
533 830 611 856 non
650 817 782 856 mundi
821 818 1053 866 symbolum,
1097 817 1166 855 sed
1203 819 1427 867 praestitem
1465 821 1504 855 et
1542 818 1738 857 custodem

255 896 413 934 gregum
452 885 631 934 intellegi
670 884 911 924 manifestum
953 887 1010 923 est
1049 884 1113 935 (cf.
1143 886 1184 922 in
1211 886 1344 935 primis
1375 897 1410 934 p.
1432 886 1496 933 50,
1515 886 1594 934 11).
1662 885 1739 926 Sed

257 951 416 1001 dignum
451 954 525 999 est,
561 952 665 1001 quod
695 951 1021 990 animadvertatur
1049 964 1128 990 una
1157 963 1242 990 cum
1271 953 1430 991 rationis
1459 952 1739 1002 interpretandi

257 1021 466 1059 mutatione
487 1020 663 1059 desinere
684 1021 894 1059 orationem
915 1020 1124 1070 obliquam,
1153 1020 1324 1070 incipere
1346 1006 1558 1059 orationem
1581 1024 1738 1059 rectam.

256 1088 367 1126 Talis
396 1088 556 1126 rationis
585 1088 846 1126 inconstantia
875 1088 990 1125 etiam
1009 1088 1050 1125 in
1069 1088 1298 1135 numinibus,
1328 1100 1427 1137 quae
1447 1088 1739 1138 subiunguntur,

257 1155 501 1205 explicandis
529 1156 735 1205 perspicua
764 1158 838 1204 est,
874 1155 942 1193 sed
972 1167 1102 1194 eorum
1131 1156 1236 1193 notio
1267 1167 1351 1193 eam
1380 1157 1466 1205 ipsa
1493 1155 1579 1196 fert.
1637 1156 1739 1194 Hac-

256 1226 367 1262 tenus
405 1235 508 1261 nunc
547 1223 702 1272 quidem
741 1223 814 1262 hac
854 1223 903 1261 de
940 1223 1068 1262 libelli
1105 1226 1217 1272 parte
1257 1222 1500 1271 difficillima,
1540 1224 1580 1261 in
1616 1224 1737 1262 altero

257 1291 384 1341 capite
415 1291 462 1330 de
492 1303 540 1329 ea
567 1291 683 1329 latior
712 1291 785 1330 erit
813 1292 933 1330 locus.

369 1359 550 1399 Similiter
588 1361 703 1408 atque
732 1371 770 1409 p.
791 1359 842 1396 41
875 1358 1105 1409 discipulum
1140 1358 1343 1397 adlocutus
1379 1362 1513 1397 auctor
1543 1359 1737 1409 disputare

256 1427 403 1464 orditur
431 1426 480 1464 de
508 1427 554 1465 iis
584 1426 746 1474 deabus,
775 1438 873 1475 quae
902 1429 969 1464 aut
996 1438 1067 1476 pro
1095 1429 1198 1465 terra
1226 1427 1312 1475 ipsa
1340 1426 1533 1465 habentur
1562 1430 1628 1466 aut
1657 1428 1738 1466 eius

255 1493 465 1532 fertilitatis
492 1493 696 1543 praestites
727 1493 934 1532 creduntur
964 1504 1066 1542 esse,
1105 1492 1154 1531 de
1183 1493 1325 1532 Cerere
1345 1494 1465 1532 Vesta
1492 1494 1738 1543 Proserpina.

255 1561 421 1598 Nomina
458 1560 606 1599 Cereris
650 1563 689 1598 et
718 1561 859 1598 Vestae
898 1560 948 1598 ad
986 1564 1128 1598 terram
1167 1561 1291 1609 ipsam
1329 1560 1558 1608 referuntur,
1598 1560 1738 1599 deinde

256 1626 448 1676 quomodo
481 1627 639 1665 numina
676 1626 873 1674 differant,
913 1626 1211 1673 demonstratur-3
1249 1627 1413 1682 primum
1443 1627 1492 1665 de
1512 1627 1632 1666 Vesta
1661 1627 1737 1665 dis-

256 1694 405 1742 seritur,
435 1694 542 1733 cuius
571 1694 629 1732 vis
659 1697 698 1732 et
726 1695 831 1732 notio
860 1695 961 1732 inter
979 1696 1121 1732 terram
1142 1696 1181 1732 et
1198 1694 1326 1743 ignem
1347 1695 1508 1733 vitalem
1527 1695 1696 1742 fluctuat,
1709 1696 1737 1742 ¹)

254 1762 314 1801 his
344 1764 472 1800 antem
501 1757 699 1817 ἡμέντοι
719 1758 922 1817 Δημήτηρ
945 1794 952 1801 .
978 1793 986 1802 .
1010 1793 1033 1810 .,
1064 1761 1201 1811 quibus
1230 1761 1379 1801 Cereris
1408 1762 1576 1811 insignia
1594 1762 1736 1800 Vestae

255 1833 510 1880 opponuntur,
548 1829 597 1868 ad
632 1830 741 1868 illam
776 1830 1023 1880 peculiariter
1051 1829 1364 1879 pertractandam
1393 1830 1588 1868 transitur.
1646 1830 1739 1868 Eius

254 1898 447 1947 spicarum
486 1909 653 1937 coronae
684 1898 906 1947 explanatio
936 1897 985 1935 ad
1015 1897 1189 1936 fabulam
1217 1897 1437 1947 traducit,2)
1477 1909 1554 1947 qua
1582 1898 1738 1948 Tripto-

254 1967 378 2004 lemus
407 1966 549 2005 Cerere
587 1968 744 2004 auctore
781 1965 961 2004 frumenti
996 1966 1255 2015 cognitionem
1285 1968 1323 2003 et
1352 1966 1495 2004 victum
1525 1966 1737 2004 cicuratum

253 2035 506 2083 pervulgasse
545 2036 737 2080 narratur3
777 2032 932 2071 additur
966 2034 1223 2083 Proserpinae
1260 2036 1393 2083 raptus
1432 2033 1529 2071 ratio
1565 2032 1738 2083 physica,

253 2112 367 2150 quam
411 2100 463 2139 ad
504 2100 674 2139 fabulam
720 2101 867 2139 similes
910 2102 1128 2138 exterarum
1171 2101 1341 2150 gentium
1383 2101 1625 2139 narrationes
1670 2100 1738 2138 ad-

253 2168 468 2207 nectuntur.
536 2168 630 2208 Cum
674 2168 733 2207 his
778 2169 1000 2217 copulatum
1040 2171 1099 2207 est
1137 2169 1302 2207 nominis
1342 2169 1597 2219 Proserpinae
1636 2169 1736 2207 veri-

252 2236 475 2286 loquium.³)
547 2235 845 2285 Insequentibus
890 2238 1016 2274 autem
1061 2236 1306 2286 perspicuum
1352 2238 1425 2283 est,
1471 2236 1645 2284 quamvis
1689 2237 1738 2273 sit

369 2347 395 2391 ¹)
419 2346 476 2382 De
499 2345 621 2382 verbis
644 2357 680 2391 p.
697 2349 751 2392 53,
765 2349 784 2381 2
809 2341 981 2391 διὰ-ὅν,
1007 2356 1100 2391 quae
1123 2346 1249 2381 mutila
1272 2346 1440 2381 videntur
1464 2356 1555 2389 esse,
1578 2346 1738 2382 iudicare

252 2413 325 2438 non
347 2402 470 2438 ausim.

365 2459 395 2503 2)
418 2458 609 2500 Quomodo
640 2458 884 2504 intellegenda
914 2458 1001 2501 sint,
1033 2468 1125 2503 quae
1148 2469 1183 2502 p.
1202 2461 1255 2503 52,
1270 2461 1312 2493 20
1341 2458 1522 2503 leguntur,
1552 2469 1624 2494 non
1653 2458 1738 2494 satis

253 2517 351 2550 certe
374 2518 541 2560 apparet3
572 2514 725 2551 fortasse
753 2524 826 2551 non
848 2515 989 2560 integra
1011 2518 1104 2550 sunt.
1152 2515 1211 2550 An
1235 2518 1348 2550 τοῦτο
1373 2514 1420 2550 ad
1444 2511 1487 2549 τὸ
1514 2509 1737 2549 ἅναδοτικόν

252 2571 495 2607 revocandum
519 2571 600 2607 est?

366 2629 395 2671 ³)
418 2627 610 2673 Perperam
626 2628 784 2673 Langius
807 2639 842 2673 p.
859 2630 913 2672 55,
927 2631 946 2662 5
971 2630 1097 2663 contra
1118 2627 1274 2663 omnium
1291 2627 1458 2663 codicum
1474 2627 1737 2671 auctoritatem,

254 2684 316 2729 qui
333 2680 586 2729 Φερσεφόνην
602 2683 785 2729 exhibent,
801 2683 927 2720 scribit
944 2680 1195 2729 Περσεφόνην
1211 2683 1248 2728 (4
1264 2680 1508 2730 Φερσεφόνῃ;
1532 2683 1577 2729 P,
1593 2683 1737 2729 Περσε-

254 2736 368 2786 φόνῃε
393 2740 505 2776 ceteri
527 2740 662 2786 codd).
700 2740 971 2786 Explicationes
993 2750 1015 2775 a
1032 2740 1190 2777 cornuto
1214 2739 1373 2785 prolatas
1395 2739 1480 2775 alibi
1495 2747 1565 2775 non
1581 2740 1737 2784 repperi.

253 2795 306 2833 Of.
331 2795 635 2841 Prona-Robore
659 2796 802 2833 Griech.
827 2797 981 2843 Mythol.
1005 2797 1044 2832 1⁴
1066 2808 1102 2843 p.
1120 2799 1182 2832 801
1210 2807 1291 2833 cnm
1316 2796 1436 2833 adnot.
