2096 3129
1587 175 1645 215 83

159 289 354 334 'maurim
383 288 593 331 Cornutum
630 287 757 342 ipsum
790 288 953 331 consilio
989 288 1133 339 libelli,
1171 299 1285 340 quem
1319 301 1480 341 puerum
1510 288 1561 329 ad
1590 290 1646 328 in-

164 358 386 401 struendum
438 359 670 409 composuit,
722 361 938 409 permotum
991 357 1273 408 interpretandi
1325 358 1513 398 rationem
1570 357 1646 397 hoc

164 427 279 468 modo
307 426 535 474 invertisse;‘
567 426 743 465 similiter
771 426 872 465 enim
902 425 1208 465 adulescentium
1236 423 1416 466 παιδεία
1441 425 1647 477 respicitur

164 497 206 534 in
247 495 442 534 Musarum
490 494 685 532 nominum
728 493 1124 544 interpretationibus,
1172 505 1268 543 quas
1311 492 1505 532 Diodorus
1542 493 1597 532 IV
1621 494 1645 530 7

164 561 325 615 praebet
334 560 364 613 ¹)
411 561 453 601 in
496 573 544 602 ea
587 561 715 613 operis
752 561 817 602 -sui
861 563 987 613 parte,
1031 572 1146 612 quam
1189 560 1394 601 Eduardus
1438 560 1646 609 Schwartz,

164 630 313 671 Diodor
347 643 409 680 ap.
435 631 556 671 P.-W.
577 631 613 669 V
629 631 710 668 673
727 641 810 680 sqq.
849 642 871 669 e
906 629 1136 680 compendio
1175 629 1343 679 quodam
1381 630 1645 679 mythologice

165 702 255 738 ante
283 701 457 748 tempora
475 697 709 738 Caesariana
738 698 915 738 confecto
945 699 1168 749 excerptam
1197 709 1282 738 esse
1301 697 1492 748 probavit.
1538 697 1646 745 Quae

166 778 251 805 cum
288 766 344 804 ita
382 766 474 814 sint,
512 766 615 804 inter
653 766 862 805 Cornutum
900 768 939 805 et
974 765 1232 815 Chrysippum
1270 766 1443 815 aliquam
1479 766 1646 804 necessi-

164 833 337 873 tudinem
374 832 617 873 intercedere
655 844 782 883 neque
818 835 949 872 tamen
986 833 1099 872 illum
1127 834 1321 872 Musarum
1356 833 1551 872 nominum
1581 845 1647 872 ex-

165 899 396 950 plicationes
425 899 634 950 Chrysippi
670 911 720 938 ex
758 911 874 950 opere
908 899 993 950 ipso
1028 899 1204 939 hausisse
1239 902 1305 938 aut
1334 911 1383 938 ex
1411 898 1647 949 Apollodori

165 968 276 1007 libris
307 968 512 1018 agnovisse
539 967 781 1007 statuendum
811 979 899 1007 esse
927 970 1032 1018 puto.

277 1089 307 1134 ι)
329 1089 601 1135 Perspicuitatis
623 1098 733 1126 causa
755 1099 914 1135 congero
936 1089 1043 1126 haec:

350 1156 456 1193 Corn.
858 1155 954 1192 Plut.
1299 1156 1407 1192 Diod.
1424 1156 1477 1194 lv
1491 1161 1521 1193 7.

210 1224 246 1259 p.
270 1216 401 1258 15,19:
438 1208 560 1254 ἄλλως
595 1210 635 1250 δὲ
706 1224 743 1258 p.
754 1206 1008 1249 743D2w5v15'
1016 1208 1142 1247 ἄλλων
1222 1208 1364 1258 ἑκάστη
1392 1211 1433 1249 δὲ
1457 1225 1646 1259 προσηγο-

166 1265 291 1304 Κλειώ
335 1266 408 1313 μὲν
451 1268 520 1312 μία
559 1272 636 1303 τῶν
670 1263 693 1314 ἦ
724 1280 767 1304 τε
792 1264 916 1304 Κλειὼ
945 1265 990 1303 τὸ
1023 1265 1141 1313 ἑγκω-
1175 1266 1238 1317 ρίᾳ
1266 1263 1336 1303 τὸν
1364 1265 1506 1304 οἰκεῖον
1529 1264 1647 1314 λόγον

165 1324 338 1360 Μουσῶν
354 1320 459 1361 ἐστιν
475 1320 550 1360 άπὸ
566 1328 636 1360 τοῦ
669 1322 870 1369 μιαστικὸν
881 1321 1141 1371 προσάγεται·
1175 1320 1426 1369 ἀπονέμοντές
1454 1336 1573 1370 φασιν
1599 1321 1647 1360 ω’-

165 1378 298 1422 κλέους
326 1378 527 1426 τυγχάνειν
550 1377 637 1423 τούς
664 1375 793 1416 ‘xlia'
851 1378 925 1427 γάρ
980 1377 1142 1416 ἐκάλουν
1176 1378 1372 1425 νομάσθαι
1439 1377 1507 1426 τήν
1574 1379 1647 1425 μὲν

165 1432 490 1481 πεπαιδευμένους
571 1437 636 1471 καὶ
671 1433 757 1478 τούς
782 1433 978 1478 ἐπαίνους·
1004 1463 1013 1471 .
1031 1464 1039 1472 .
1057 1464 1065 1472 .
1176 1434 1302 1473 Κλειὼ
1335 1433 1396 1472 διά
1425 1434 1469 1472 τὸ
1501 1433 1570 1472 τόν
1602 1434 1647 1472 ἐκ

166 1486 305 1536 αύτούς
327 1504 369 1528 τε
393 1491 460 1529 καὶ
484 1488 638 1539 ἑτέρους
1176 1497 1246 1540 τῆς
1267 1488 1459 1539 ποιήσεως
1486 1496 1565 1529 τῶν
1589 1490 1649 1539 ἐγ-

165 1547 342 1593 κλεΐζειν.
415 1574 437 1597 ἠ
1175 1545 1474 1593 κωμιαζομένων
1491 1544 1649 1585 ἔπαινον

1176 1603 1273 1652 μέγα
1297 1603 1412 1647 κλέος
1434 1610 1649 1651 περιποιεῖν

167 1657 343 1708 Εὐτέρπη
378 1659 419 1698 δὲ
455 1657 531 1696 άπὸ
568 1664 636 1696 τοῦ
673 1658 749 1706 ἐγὼ
785 1659 826 1698 δὲ
860 1660 1144 1706 μεταποιοῦμαί
1175 1665 1257 1703 τοῖς
1348 1658 1649 1706 ἐπαινουμένοις,

166 1716 234 1759 τὰς
250 1711 400 1762 ὁμιλίας
416 1712 543 1753 αὐτῶν
559 1713 637 1752 ἐπι·
670 1728 706 1752 τι
737 1715 800 1753 καὶ
829 1720 895 1762 τῆς
924 1713 1140 1764 Εὐτέρπης·
1178 1713 1372 1764 Εὐτέρπην
1403 1711 1436 1754 δ’
1466 1714 1543 1754 ἀπὸ
1579 1722 1649 1754 τοῦ

166 1777 321 1819 τερπεῖς
359 1772 425 1809 καὶ
460 1770 638 1819 α’γωγοὺς
672 1768 792 1820 εἴπερ,
829 1767 881 1816 ὥς
914 1785 1007 1819 φησι
1042 1770 1142 1819 Χρύ-
1176 1771 1329 1819 τέρπειν
1374 1771 1464 1816 τούς
1503 1768 1649 1821 άκροω-

169 1824 277 1872 εἶναι,
671 1841 826 1873 σιππος,
857 1822 953 1876 αύτή
985 1827 1028 1866 τὸ
1052 1828 1142 1876 περὶ
1175 1827 1311 1874 μένους
1348 1834 1430 1872 τοῖς
1468 1825 1546 1866 dno*
1581 1833 1649 1877 τῆς

672 1882 739 1928 τάς
768 1879 917 1930 ὁμιλίας
941 1883 1143 1932 ἐπιτερπὲς
1175 1885 1349 1928 παιδείας
1372 1881 1546 1932 ἀγαθοῖς.

672 1937 799 1989 εἴληχε
851 1943 913 1978 καὶ
965 1952 1141 1989 κεχαρισ-

670 1995 799 2043 μένον.

216 2062 357 2102 θάλεια
389 2063 429 2102 δὲ
461 2061 546 2112 ἦτοι
577 2062 637 2101 διὰ
701 2076 736 2111 p.
747 2060 1021 2112 744Εικαὶγάρ
1032 2059 1142 2111 ἡμεῖς
1222 2059 1385 2101 Θάλειαν
1413 2058 1446 2100 δ’
1468 2059 1546 2101 duo*
1579 2070 1647 2102 τοῦ

168 2118 212 2157 τὸ
236 2118 396 2158 θάλλειν
419 2118 547 2159 αὐτῶν
569 2118 638 2158 τὸν
672 2119 709 2158 οἱ
747 2120 914 2169 γεωργοὶ
959 2118 1027 2167 τη“ν
1070 2118 1141 2157 θά-
1175 2118 1334 2158 θάλλειν
1381 2119 1442 2157 ἐπὶ
1483 2120 1649 2166 πολλοὺς

166 2177 253 2224 βίον
290 2174 314 2224 ἢ
353 2176 415 2215 διὰ
451 2175 497 2215 τό
537 2174 638 2224 ἔχειν
672 2180 777 2215 λειαν
794 2176 1056 2223 οἰκειούμεθα,
1075 2191 1142 2224 φυ-
1172 2174 1336 2224 χρόνους
1367 2174 1456 2220 τούς
1485 2175 1546 2214 διοὶ
1570 2183 1647 2215 τῶν

167 2230 305 2277 αύτούς
341 2233 408 2272 καὶ
442 2232 513 2282 τὴν
548 2246 637 2280 συμ-
671 2239 749 2271 τῶν
798 2235 864 2272 καὶ
911 2232 1142 2282 σπερμάτων
1175 2232 1400 2281 ποιημάτων
1412 2232 1646 2281 ἐγκωμιαζο-

166 2289 329 2338 ποτικὴν
374 2287 513 2339 ἀρετὴν
560 2289 636 2328 έπι-
673 2287 942 2329 εὐθαλούντων
964 2293 1029 2328 καὶ
1052 2293 1141 2339 βλα-
1175 2289 1318 2337 μένους,

167 2345 299 2391 δεξίως
335 2346 402 2384 καὶ
441 2344 639 2393 εὐμούσως
674 2343 891 2385 στανόντων
923 2345 1143 2393 ἐπιμέλειαν

168 2399 210 2439 ἐν
240 2407 322 2446 ταῖς
346 2403 520 2447 θαλείαις
551 2398 637 2440 άνα·
672 2401 766 2451 αὐτῇ
826 2406 892 2441 καὶ
953 2403 1144 2451 σωτηρίαν

168 2456 462 2506 στρεφομένους,
673 2456 928 2503 ἀποδιδόντες.
960 2472 996 2507 p.
1013 2461 1141 2498 ¹14⁶E:

672 2521 738 2563 τῆς
782 2511 815 2553 δ’
854 2514 1059 2562 ἐπιθυμίας
1096 2514 1142 2553 τὸ

670 2572 744 2619 μὲν
777 2574 867 2620 περὶ
897 2569 1047 2620 ’ἐδωδήν
1077 2571 1143 2610 καὶ

671 2627 787 2667 πόσιν
809 2624 833 2677 ἦ
854 2626 995 2667 Θάλεια
1010 2641 1143 2666 κοινω-

653 2683 830 2781 Ινητικιὲν
852 2690 961 2788 agis}
970 2687 1036 2722 καὶ
1039 2697 1142 2779 ξυμ-

673 2756 787 2780 ποτικ
813 2757 835 2780 ν
936 2755 1037 2779 απαν
1070 2755 1141 2790 ρω-

652 2778 746 2845 Ιπου
766 2798 830 2836 καὶ
848 2795 1081 2846 θηριώδους·
1156 2777 1161 2844 Ι
