2096 3129
253 272 439 325 28‚18.0‘
471 276 511 317 δὲ
537 272 654 332 Ἔρως
686 288 755 315 συν
785 272 915 321 αὐτοῖς

209 331 351 383 ἐρρήθη
382 333 590 382 γενονέναι
622 330 647 381 ἦ
677 329 776 382 ορμῆ
799 330 822 381 ἦ
851 332 913 371 ἐπὶ

205 390 250 429 τὸ
283 394 446 439 γεννᾶν·
471 405 549 437 αμα
578 389 654 439 γάρ
684 404 721 427 τι
745 387 790 428 ἔκ
812 403 913 434 τινος

205 448 352 496 γίνεται
381 450 448 486 καὶ
477 453 655 496 παρεῖναι
685 452 731 494 τῇ
762 444 911 495 γενέσει

206 502 410 550 νομιστέον
457 502 596 551 ταύτην
641 502 710 551 τὴν
756 501 912 549 δύναμιν

205 561 413 607 καλλίστην
435 562 497 597 καὶ
522 556 754 605 ἀξιοθέατον
781 554 910 598 οὖσαν.

249 696 287 732 p.
304 687 430 731 29,12;
463 688 532 722 τοῦ
562 682 693 727 Χάους
721 683 762 722 δὲ
792 681 911 731 θυγά-

205 754 275 788 τηρ
299 739 380 778 ἐστὶ
403 743 468 778 καὶ
491 738 514 788 ἦ
539 740 642 785 Νύξ·
666 737 688 777 ὅ
712 739 788 787 γὰρ
811 745 911 788 πρῶ-

204 811 271 842 τος
310 795 444 846 ἀρθεὶς
482 792 557 835 άπὸ
594 802 663 835 τοῦ
699 794 909 846 άρχεγόνου

202 845 323 902 ὗγροῦ
347 852 421 902 οἷὴρ
446 853 621 902 ζοφώδης
635 857 697 891 καὶ
716 853 912 897 σκοτεινὸς

202 907 263 959 ἦν,
288 907 371 948 εἶτα
394 908 674 957 λεπτυνόμενος
698 913 752 954 είς
776 909 910 958 αἰθέρα

204 969 267 1005 καὶ
291 972 374 1014 φιῦς
395 966 617 1016 μετέβαλεν,
641 962 809 1015 ευλόγως
825 963 910 1005 τού-

203 1037 280 1060 των
311 1021 356 1061 ἐκ
383 1029 448 1071 τῆς
470 1022 605 1067 νυκτὸς
627 1023 823 1072 γεγονέναι
848 1023 910 1072 ρη-

204 1077 366 1117 θέντων.

249 1219 303 1259 29,
325 1219 366 1252 3:
403 1213 448 1252 τὸ
486 1215 526 1254 δὲ
554 1212 716 1263 Ἔρεβος
760 1214 804 1253 ἐκ
840 1219 909 1253 τοῦ

203 1269 334 1316 Χάους
366 1269 532 1319 ἐγένετο,
570 1269 592 1309 ὁ
621 1277 744 1309 ποιεῖν
776 1269 908 1321 ἐρὲφε-

204 1332 297 1365 σθαι
320 1331 382 1365 καὶ
405 1325 763 1377 περιλαμβάνεσθαί
785 1341 821 1365 τι
843 1323 908 1375 ὑφ’

204 1383 334 1434 ἑτέρου
357 1383 473 1433 λόγος
489 1415 498 1424 .
514 1415 523 1424 .
540 1415 549 1424 .

248 1569 377 1614 29,16:
408 1562 434 1614 ἦ
452 1565 499 1604 δὲ
523 1567 580 1613 Γῆ
606 1579 654 1604 τα
678 1562 749 1614 ὄρη
773 1565 838 1603 καὶ
862 1563 905 1603 τὸ

201 1621 366 1670 πέλαγος
410 1621 498 1670 ἑξῆς
536 1620 690 1669 λέγεται
728 1626 906 1670 γεννῆσαι

198 1673 311 1726 ιιῖἷτερ
341 1677 544 1725 φιλότητος
568 1674 793 1727 ἐφιμέρου’·
816 1674 840 1726 ἦ
863 1691 905 1716 τε

201 1732 275 1782 γάρ
310 1734 483 1772 θάλαττα
517 1731 722 1780 ὑπέμεινεν
757 1733 799 1773 ἐν
828 1741 907 1779 τοῖς

200 1790 346 1834 κοίλοις
375 1788 489 1838 αὐτῆς
515 1790 647 1839 μέρεσι
669 1788 770 1828 κατά
791 1804 905 1837 μετα-

200 1845 322 1895 βολὴν
345 1843 563 1892 ὖποστᾶσα,
588 1846 636 1885 τὰ
659 1847 699 1886 δὲ
725 1844 793 1896 ὅρη
817 1849 905 1895 περὶ

200 1900 246 1940 τό
271 1901 474 1949 ἀνώμαλον
497 1907 564 1951 τῆς
587 1902 818 1951 συνιζήσεως
837 1903 907 1948 τὰς

205 1957 340 2008 ἐξοχὰς
361 1956 489 2009 ἔλαβε.

243 2502 279 2537 p.
296 2493 350 2535 30,
365 2494 423 2528 11:
445 2491 561 2535 Κοῖος
575 2488 628 2537 δέ,
643 2486 735 2528 καθ’
750 2487 796 2528 ὃν
810 2490 903 2529 ποιά

199 2560 282 2583 τινα
320 2543 368 2582 τά
406 2543 500 2582 ὄντα
539 2544 623 2584 ἐστί
659 2550 730 2596 (τῷ
768 2545 843 2596 γάρ
877 2562 902 2584 κ

197 2605 390 2650 πολλαχοῦ
432 2600 470 2639 οἳ
495 2598 621 2647 Ἴωνες
655 2598 738 2641 άντὶ
772 2609 840 2642 τοῦ
875 2617 902 2641 π

201 2656 383 2706 ἐχρῶντο)
409 2686 417 2695 .
434 2686 444 2695 .
461 2661 507 2703 .¹)
539 2660 693 2706 K920c2)
723 2658 781 2704 δὲ,
812 2658 903 2697 καθ’

1633 167 1685 206 93

1026 286 1062 323 p.
1086 279 1219 323 555,16
1233 276 1282 314 G:
1320 269 1432 323 Οἶμαι
1462 275 1503 314 δὲ
1536 274 1603 324 τήν
1627 275 1686 325 ἐγ·

980 331 1290 381 κατεσπαρμένην
1329 338 1501 380 φυσικῶς
1546 347 1685 381 κινητι-

979 386 1051 436 κήν
1089 388 1214 426 αἰτίαν
1253 386 1406 440 ἑκάστῳ
1446 395 1524 428 τῶν
1561 388 1685 428 ὄντων

978 443 1069 483 καθ’
1118 442 1165 494 ἢν
1212 444 1360 493 ἐφίεται
1406 443 1569 485 ἕκαστον
1616 452 1685 486 τοῦ

980 498 1098 540 εἶναι·
1124 532 1132 540 .
1171 506 1263 540 ,δεῖ
1284 501 1358 550 γὰρ
1372 507 1684 551 προϋποκεῖσθαι

978 555 1046 605 τήν
1071 556 1112 597 ἐν
1136 555 1289 609 ἑκάστῳ
1314 556 1598 607 ἐπιτηδειότητα
1620 562 1683 597 καὶ

979 610 1102 662 ορμήν
1124 613 1221 663 πρὸς
1245 613 1289 652 τὸ
1314 614 1403 652 τόδε
1427 616 1464 653 τὶ
1487 614 1683 663 γενέσθαι

1023 695 1058 720 v.
1078 687 1156 721 123:
1183 681 1227 720 ἐκ
1243 678 1383 727 Χάεος.
1412 680 1553 731 Ὀρθῶς
1573 682 1683 722 πάνυ.

978 752 999 775 ο
1033 737 1106 787 γάρ
1144 736 1219 787 α’ἠρ
1249 737 1326 786 πρὸ
1358 735 1467 786 ηλίου
1497 736 1683 788 ἀνατολῆς

978 795 1044 833 καὶ
1090 792 1243 844 ἄστρων
1291 795 1499 839 σκοτεινός.
1581 799 1680 835 Diae.

977 864 1013 899 p.
1027 857 1104 899 555,
1117 857 1160 889 20
1172 854 1221 890 G:
1235 850 1293 890 Ἐκ
1304 851 1422 900 χάους
1435 852 1475 891 δὲ
1489 851 1533 890 τὸ
1548 850 1683 902 ἔρεβος

976 910 1042 946 καὶ
1081 904 1103 956 ἧ
1143 908 1211 954 νὺξ
1249 914 1445 957 γεννᾶται,
1484 908 1622 957 δηλαδή
1658 906 1679 947 ὃ

978 960 1054 1003 άπὸ
1090 971 1159 1004 τοῦ
1193 965 1267 1014 πρὸ
1300 972 1365 1013 τῆς
1396 963 1682 1014 διακοσμήσεως

977 1017 1097 1069 ὑγροῦ
1114 1021 1287 1069 ζοφώδης
1301 1025 1366 1060 καὶ
1384 1022 1580 1067 σκοτεινὸς
1596 1021 1680 1072 α’ὴρ,

975 1073 1084 1122 ὅστις
1107 1077 1149 1126 δὴ
1173 1077 1454 1124 λεπτυνόμενος
1476 1079 1530 1123 εἰς
1546 1079 1681 1128 αἰθέρα

977 1137 1038 1172 καὶ
1063 1134 1117 1179 εἰς
1141 1141 1222 1183 φῶς
1243 1135 1451 1184 μετέβαλεν
1468 1166 1476 1173 .
1494 1165 1502 1174 .
1522 1167 1530 1175 .

1021 1215 1122 1252 Diae.
1152 1227 1189 1261 p.
1211 1219 1292 1262 555,
1314 1220 1354 1252 27
1369 1217 1418 1253 Gr:
1452 1212 1615 1264 ’Ἔρεβος
1649 1211 1682 1252 δ’

976 1267 1022 1308 ἄν
1057 1267 1113 1318 εἴη
1146 1266 1167 1308 ὃ
1198 1269 1432 1318 κοσμητικός
1465 1269 1581 1319 λόγος
1615 1272 1681 1310 καὶ

975 1326 1169 1372 τακτικὸς,
1209 1325 1230 1364 ὁ
1271 1325 1443 1372 ἐντεθεὶς
1479 1326 1599 1379 ἦμέρᾳ
1639 1342 1682 1365 τε

975 1386 1037 1421 καὶ
1068 1386 1188 1429 νυκτὶ,
1219 1383 1285 1421 καὶ
1315 1389 1438 1422 ποιῶν
1463 1382 1681 1433 ἐρὲβεσθαι,

952 1435 954 1437 θ
973 1437 1092 1486 ἤγουν
1120 1439 1489 1488 καταλαμβάνεσθαι
1512 1440 1683 1489 θάτερον

974 1491 1050 1534 υπό
1073 1495 1248 1545 θατέρου.

1020 1566 1122 1603 Dine.
1145 1577 1182 1613 p.
1199 1570 1275 1612 556,
1290 1570 1309 1602 7
1324 1566 1373 1603 G.
1402 1567 1527 1617 Γεννᾷ
1551 1565 1592 1605 δὲ
1616 1566 1682 1604 καὶ

975 1620 1023 1658 τὰ
1054 1618 1123 1669 ὄρη
1154 1618 1177 1668 ἧ
1202 1627 1263 1669 γῆ,
1292 1620 1333 1659 ἐν
1356 1616 1414 1665 οἷς
1436 1628 1682 1660 κατοικοῦσιν

975 1691 1015 1715 αι
1045 1677 1247 1725 Νηρηΐδες,
1278 1681 1343 1716 καὶ
1374 1692 1443 1725 την
1473 1678 1680 1724 θάλατταν,

975 1731 1066 1782 ἄτερ
1090 1733 1308 1782 φιλότητος,
1336 1734 1513 1782 παρόσον
1537 1733 1579 1773 ἐν
1601 1743 1682 1780 τοῖς

973 1792 1118 1834 κοίλοις
1140 1788 1256 1837 αὐτῆς
1277 1789 1431 1838 μέρεσιν
1454 1788 1476 1838 ἦ
1500 1790 1681 1830 θάλασσά

973 1859 1017 1884 τε
1054 1842 1194 1894 ὖπέστη
1233 1849 1295 1884 καὶ
1334 1848 1597 1896 συνηθροίσθη
1633 1847 1679 1885 τὰ

973 1898 1108 1948 ὕδατα,
1139 1902 1188 1940 τὰ
1218 1900 1289 1950 ὄρη
1322 1903 1363 1942 δὲ
1393 1905 1481 1952 περὶ
1512 1903 1553 1942 τὸ
1585 1900 1679 1942 ἀνώ-

972 1963 1096 2006 μαλον
1125 1964 1192 2008 τῆς
1214 1956 1449 2008 συνιζήσεως
1473 1957 1590 2010 ἔλαβε
1612 1960 1680 2006 τὰς

975 2015 1110 2064 ἐξοχὰς
1139 2020 1202 2055 καὶ
1236 2015 1337 2054 κατὰ
1372 2016 1679 2065 ἐξοστρακισμὸν

974 2071 1099 2122 αὐτῆς.
1149 2075 1203 2112 Cf.
1237 2075 1348 2112 schol.
1372 2087 1407 2112 v.
1427 2079 1506 2112 115:
1543 2069 1601 2112 Ἐκ
1635 2074 1677 2114 δὲ

974 2135 1042 2168 τοῦ
1064 2126 1200 2174 ὕδατος
1224 2128 1399 2178 ἐγένοντο
1420 2127 1468 2167 τά
1487 2137 1654 2178 στοιχεῖα
1668 2143 1676 2151 ·

973 2191 1040 2234 γῆ,
1086 2185 1182 2224 κατὰ
1223 2188 1423 2233 συνίζησιν,
1468 2181 1539 2234 οῗὴρ
1576 2185 1677 2224 κατὰ

973 2239 1164 2287 ἀνάδοσιν,
1197 2241 1243 2280 τὸ
1275 2242 1316 2281 δὲ
1348 2241 1583 2290 λεπτομερὲς
1606 2248 1676 2280 τοῦ

973 2297 1082 2347 α’έρος
1103 2297 1243 2347 γέγονε
1266 2303 1359 2348 πῦρ·
1381 2297 1404 2346 ἡ
1425 2297 1466 2337 δὲ
1484 2295 1676 2342 θάλασσα,

970 2353 1067 2394 κατά
1092 2354 1315 2402 ἐκμύζησιν·
1338 2354 1387 2392 τὰ
1409 2355 1450 2393 δὲ
1474 2351 1555 2402 ὄρη,
1577 2352 1675 2392 κατὰ

972 2409 1273 2461 ἐξοστρακισμόν
1294 2415 1362 2459 τῆς
1384 2416 1461 2458 γῆς.

1015 2496 1148 2530 v.134:
1180 2487 1201 2528 ὃ
1229 2488 1359 2537 Ζήνων
1383 2489 1474 2537 φησὶ
1497 2487 1585 2534 τούς
1614 2492 1673 2527 Τι-

970 2554 1088 2591 τᾶνας
1131 2545 1190 2584 διά
1228 2545 1371 2588 παντὸς
1410 2545 1588 2593 εἰρῆσθαι
1627 2545 1675 2582 τὰ

972 2609 1141 2652 στοιχεῖα
1164 2608 1234 2641 τοῦ
1256 2601 1418 2649 κόσμου.
1458 2603 1576 2639 Κοῖον
1599 2599 1674 2650 γάρ

970 2659 1074 2708 λέγει
1097 2658 1167 2707 τὴν
1190 2658 1387 2705 ποιότητα,
1409 2656 1510 2695 κατὰ
1529 2657 1675 2706 τροπήν

310 2796 339 2841 ¹)
364 2795 453 2832 Cum
474 2795 678 2841 insequenti
698 2796 902 2843 veriloquio
923 2796 1082 2834 concinit
1104 2796 1213 2841 Διαφ.
1237 2791 1312 2832 ἐκλ.
1327 2806 1362 2841 p.
1380 2798 1457 2842 453,
1472 2799 1514 2833 18
1537 2796 1675 2840 Κοῖος.·
