2096 3129
1627 237 1679 277 65

199 351 347 390 Similia
385 351 654 401 cognominum
695 348 918 404 Κυθέρεια
959 353 997 390 et
1032 347 1203 404 Κύπρις
1238 351 1453 400 veriloquio.
1484 349 1679 400 Euripidis

200 420 382 458 memoria
422 418 570 466 addita,
610 419 676 468 qui
714 419 827 457 etiam
866 431 890 457 a
925 419 1093 458 Cornuto
1130 418 1240 458 testis
1274 421 1493 468 assumptus
1529 421 1604 466 est,
1642 418 1682 455 in

198 485 358 525 scholiis
387 485 438 525 ad
465 486 629 525 Hesiodi
648 485 848 536 Theogon.
876 498 940 524 vv.
964 486 1041 524 191
1074 488 1112 524 et
1145 486 1223 524 196
1254 488 1293 524 et
1321 484 1426 536 apud
1445 484 1599 534 Lydum
1629 484 1678 523 de

199 566 317 593 mens.
352 566 389 604 p.
414 554 491 592 116
532 556 701 602 exstant,
747 555 813 592 nbi
851 554 1092 604 Chrysippus
1135 555 1276 593 citatur
1319 554 1476 603 (mach,
1516 553 1682 593 Glossen

200 633 236 659 u.
266 621 396 660 Schol.
425 633 461 671 p.
484 621 564 670 54).
622 620 862 660 Scholiastae
893 624 931 660 et
959 621 1061 670 Lydi
1090 624 1266 660 auctores
1296 623 1421 660 utrum
1446 620 1682 671 Apollodori

199 701 248 728 ex
287 700 404 739 opere
443 701 494 727 an
532 701 554 728 e
595 688 821 738 compendio
860 688 1028 738 quodam
1067 688 1196 728 Stoico
1234 688 1448 736 hauserint,
1487 689 1527 726 in
1561 688 1680 728 dubio

197 755 494 806 relinquendum
533 759 606 805 est;
645 768 779 795 verum
818 759 947 796 tamen
986 757 1147 806 cogitari
1185 759 1312 806 potest
1348 757 1461 795 illum
1491 757 1681 794 nonnulla

197 824 415 873 veriloquia
452 835 529 862 una
567 835 653 863 cum
683 823 878 873 Euripidis
916 824 1134 862 testimonio
1170 835 1195 862 a
1225 823 1441 873 Chrysippo
1475 823 1680 872 recepisse.

197 890 247 929 Et
294 890 398 940 qnod
444 891 520 928 iam
567 902 645 929 non
689 891 803 929 aliter
845 893 1130 941 exspectamus,
1172 891 1340 930 concinit
1383 902 1466 930 cum
1512 890 1680 930 Cornuto

197 957 437 996 Eustathius:
468 957 516 998 cf.
545 970 582 1007 p.
609 958 796 1004 1600,62
827 957 893 1006 (ad
922 958 956 997 θ
977 958 1075 1006 362)
1106 953 1177 997 διὰ
1205 953 1258 997 τὸ
1288 954 1544 1009 ἐπαφᾶσθαι
1575 955 1622 997 δὲ
1651 950 1679 1009 ἢ

197 1019 270 1064 διὰ
307 1020 360 1065 τὸ
402 1016 669 1075 ἄπαφίσκειν
706 1017 844 1078 ἤγουν
884 1017 1059 1064 ἀπατᾶν
1088 1019 1202 1064 κατὰ
1231 1020 1338 1072 τούς
1366 1019 1597 1074 παλαιούς,
1627 1023 1679 1075 τῇ

190 1084 423 1147 Ἀφροδίτῃ
452 1085 620 1133 ἀνεῖται
649 1088 676 1147 ἡ
704 1086 859 1144 Πάφος
890 1085 962 1132 οἶα
991 1085 1328 1145 τοιουτόφωνος
1357 1091 1412 1145 τῇ
1439 1091 1679 1148 προσφορᾷ

196 1172 282 1199 011111
312 1160 423 1199 Corn.
451 1173 489 1211 p.
509 1161 575 1209 45,
591 1162 645 1198 20
661 1172 744 1209 sqq.
756 1163 785 1209 1)

309 1227 441 1279 Atque
462 1228 587 1278 etiam,
607 1240 705 1278 quae
727 1227 917 1268 Cornutus
938 1227 985 1267 de
1005 1229 1051 1267 iis
1071 1228 1289 1268 numinibus
1304 1228 1467 1276 disserit,
1487 1240 1586 1278 quae
1601 1240 1679 1267 una

196 1307 280 1334 cum
305 1297 459 1335 Venere
489 1297 680 1342 coluntur,
711 1296 874 1335 eundem
901 1295 951 1334 ad
976 1295 1122 1335 fontem
1143 1296 1365 1335 revocanda
1386 1308 1471 1335 esse
1491 1296 1678 1346 probatur

195 1363 444 1403 similitudine
483 1363 686 1403 Plutarchi
728 1363 902 1414 (Coniug.
924 1375 1052 1413 praec.
1077 1376 1115 1414 p.
1132 1364 1210 1403 138
1228 1363 1289 1414 O):
1333 1360 1376 1404 οἱ
1411 1362 1595 1404 παλαιοὶ
1625 1363 1679 1416 τῇ

192 1422 425 1483 Ἀφροδίτῃ
454 1426 535 1471 τὸν
552 1427 705 1485 Ἑρμῆν
731 1428 1105 1484 συγκαθίδρυσαν,
1135 1427 1197 1479 ὥς
1216 1430 1293 1486 τῆς
1314 1429 1414 1483 περὶ
1434 1426 1517 1471 τὸν
1536 1427 1678 1484 γάμον

194 1494 358 1553 ἡδονῆς
370 1494 556 1552 μάλιστα
572 1495 709 1551 λόγου
726 1496 944 1552 δεομένης,
959 1495 1043 1551 τήν
1057 1512 1103 1539 τε
1118 1493 1272 1539 Πειθώ
1289 1497 1362 1538 καὶ
1378 1494 1455 1547 τὰς
1470 1495 1678 1551 Χάριτας,

195 1561 268 1605 ἵνα
306 1564 543 1613 πείθοντες
584 1562 942 1618 διαπράττωνται
980 1557 1082 1619 παρ’
1115 1562 1323 1621 ἀλλήλων
1363 1559 1389 1605 ἃ
1419 1562 1675 1616 βούλονται,

193 1627 250 1688 μὴ
276 1628 514 1687 μαχόμενοι
543 1631 651 1688 μηδὲ
681 1633 1046 1685 φιλονεικοῦντες.
1097 1634 1158 1673 De
1178 1633 1275 1673 deae
1296 1635 1417 1673 sacris
1438 1633 1501 1673 hic
1523 1647 1675 1684 quoque

195 1701 395 1750 Cornutus,
415 1704 457 1740 ut
476 1702 588 1749 solet,
609 1701 763 1740 disserit
783 1701 1069 1752 Apollodorum
1090 1703 1265 1740 secutus:
1294 1701 1400 1740 aliud
1420 1701 1676 1752 fragmentum

193 1768 305 1807 huius
350 1768 620 1819 disputationis
666 1769 747 1808 eius
787 1770 941 1808 nomine
981 1769 1222 1818 designatum
1260 1770 1300 1807 in
1340 1769 1463 1808 schol.
1498 1770 1573 1819 Ap.
1603 1770 1675 1811 Rh.

193 1836 252 1874 III
271 1848 308 1875 v.
325 1836 405 1874 549
427 1839 619 1875 servatum
640 1839 712 1875 est:
740 1832 1073 1886 Ἀπολλόδωρός
1094 1846 1198 1890 φησι
1219 1832 1266 1876 ἐν
1287 1836 1352 1889 τῷ
1365 1837 1400 1889 ἶ)
1419 1835 1520 1888 περὶ
1540 1837 1675 1882 θεῶν,

194 1896 265 1943 ὅτι
293 1899 321 1958 ἡ
348 1898 582 1956 περιστερὰ
611 1899 706 1957 ἱερὰ
729 1895 1012 1958 Ἀφροδίτης·
1045 1898 1114 1943 διὸ
1143 1901 1217 1943 καὶ
1239 1899 1419 1956 λάγνον,
1449 1900 1569 1957 παρὰ
1589 1900 1673 1957 γὰρ

192 1965 244 2010 τὸ
264 1971 481 2023 περισσῶς
500 1969 606 2024 ἐρᾶν
623 1969 792 2024 λέγεται
813 1972 882 2020 (=
895 1971 940 2009 fr.
955 1972 1034 2020 19).
1076 1972 1122 2010 In
1137 1971 1305 2010 eiusdem
1321 1972 1486 2020 vestigia
1501 1972 1674 2010 ducimur

193 2038 306 2076 etiam
336 2039 442 2077 vocis
468 2033 615 2092 ἵμερος
634 2039 938 2088 veriloquiorum
959 2039 1220 2087 congruentia,
1250 2050 1349 2087 quae
1369 2039 1550 2088 leguntur
1569 2039 1672 2089 apud

193 2103 401 2144 Cornutum
429 2118 466 2156 p.
487 2099 556 2153 47‚'
572 2106 621 2143 19
662 2106 860 2145 καλεῖται
900 2103 946 2146 δὲ
986 2103 1058 2144 καὶ
1080 2096 1247 2159 Ἵμερος
1280 2103 1430 2145 εἴτουν
1463 2101 1584 2159 παρὰ
1617 2102 1670 2146 τὸ

192 2166 338 2212 ἵεσθαι
377 2171 452 2212 καὶ
491 2174 703 2226 φέρεσθαι
733 2169 805 2212 ἐπὶ
834 2169 915 2227 τὴν
947 2165 1197 2212 ἀπόλαυσιν
1225 2171 1318 2213 τῶν
1348 2169 1529 2226 οὖραίων
1558 2166 1670 2214 αἰνο-

191 2235 411 2293 μασμένος
441 2243 480 2279 et
508 2240 611 2291 apud
640 2240 843 2279 Seleucum
872 2240 1166 2291 (Reitzenstein,
1196 2240 1333 2280 Gesch.
1364 2241 1516 2281 Griech.
1544 2242 1670 2290 Etym.

190 2318 229 2356 p.
247 2307 338 2357 161,
367 2309 420 2359 gl.
442 2308 511 2359 30)
543 2301 709 2362 Ἵμερος
845 2302 1010 2349 τούτου
1045 2303 1175 2361 χάριν
1213 2306 1287 2349 καὶ
1323 2299 1347 2350 ὁ
1379 2300 1575 2358 Ἀλκαῖος
1609 2309 1670 2360 (fr.

195 2375 281 2413 13b
300 2376 374 2426 B4)
404 2371 607 2429 Ζεφύρου
648 2374 721 2415 καὶ
753 2368 909 2429 ’Ἰριδος
937 2372 1020 2416 τὸν
1041 2369 1214 2429 ’Ἐρωτά
1243 2385 1388 2430 φησιν.
1448 2372 1594 2429 ἵμερος
1625 2374 1671 2416 δὲ

191 2432 280 2482 ἀπὸ
320 2442 404 2484 τοῦ
445 2439 590 2484 ἵεσθαι
625 2439 692 2496 (ἐν
727 2440 811 2497 τῷ)
838 2443 1005 2484 ποθεῖν
1036 2475 1044 2483 .
1068 2476 1075 2483 .
1100 2476 1108 2483 .
1146 2444 1211 2493 (cf.
1240 2444 1382 2483 Herod.
1403 2445 1442 2482 ΙΙ
1471 2457 1507 2494 p.
1529 2445 1609 2483 413
1625 2445 1669 2483 L.

190 2508 250 2546 Et.
270 2510 320 2547 M.
348 2521 386 2559 p.
406 2511 500 2558 470,
518 2510 633 2559 259);
663 2510 771 2548 cuius
801 2511 956 2559 glossae
984 2511 1151 2559 priorem
1180 2510 1334 2560 quidem
1363 2514 1512 2560 partem
1532 2510 1668 2549 Hefer-

190 2574 296 2615 mehl
333 2589 371 2628 p.
392 2578 446 2616 30
476 2577 565 2617 adn.
586 2579 609 2616 7
641 2581 899 2628 comparatam
929 2589 1014 2617 cum
1034 2577 1145 2627 Lydo
1174 2591 1211 2629 p.
1235 2579 1368 2628 142,4
1398 2579 1555 2628 originis
1585 2591 1668 2618 esse

189 2643 487 2692 Apollodoreae
540 2645 790 2685 confirmavit.
866 2646 1004 2695 Neque
1054 2649 1087 2684 si
1135 2646 1248 2685 modo
1298 2645 1510 2685 Reinhardt
1562 2650 1667 2686 recte

302 2789 330 2834 ¹)
361 2790 460 2832 Quae
483 2791 678 2827 scholiasta
700 2791 747 2826 ad
770 2791 958 2836 Aristoph.
992 2791 1123 2826 Pacem
1147 2802 1180 2826 v.
1198 2794 1240 2826 40
1264 2790 1459 2836 adnotavit,
1484 2793 1602 2826 utrum
1626 2801 1669 2826 ea

189 2845 369 2881 communi
391 2857 412 2882 e
434 2846 535 2884 fonte
558 2858 603 2884 an
626 2858 647 2884 e
671 2847 818 2884 Cornuti
841 2847 932 2883 libro
956 2847 1036 2893 Ipso
1061 2848 1188 2883 hausta
1210 2848 1291 2892 sint,
1319 2847 1508 2882 diiudicari
1531 2848 1667 2893 nequit.

177 2937 180 2943 ,
256 2912 334 2941 Diu.
353 2913 422 2941 Hal.
441 2914 524 2947 XXI,
536 2916 562 2943 1.
1445 2920 1465 2951 5
