2096 3129
357 175 413 222 ‘94

357 289 405 329 ὃν
435 290 483 329 τὰ
515 291 590 338 μὲν
620 289 731 341 ἄρχει
759 291 826 331 καὶ
849 290 1069 332 δυναστεύει

356 352 435 384 τῶν
472 347 720 396 πραγμάτων,
768 346 817 386 τά
857 348 899 387 δὲ
938 345 1070 387 ὑποτέ-

356 418 493 442 τακται
516 407 584 442 καὶ
599 403 873 443 δυναστεύεται
890 436 898 444 .
914 435 922 443 .
936 436 944 444 .
963 402 1067 444 Ὑπε-

357 462 451 507 ρίων
483 460 537 505 δέ,
570 457 664 498 καθ’
693 457 740 499 ὃν
770 459 950 509 ὑπεράνω
983 461 1068 499 τινά

357 514 496 566 ἑτέρων
518 515 826 567 περιπορεύεται.

401 597 437 632 p.
459 589 514 631 31,
527 589 562 621 3:
605 586 697 622 Θεία
731 584 771 622 δέ
806 583 909 622 ἐστιν
944 583 966 633 ἧ
1003 590 1068 634 τῆς

356 637 488 687 ὄψεως
503 640 615 684 αἰτία,
629 636 710 678 Ῥέα
727 637 802 680 δὲ“
780 658 803 689 η
822 646 892 689 τῆς
908 642 1066 689 ῥύσεως,

359 698 483 745 Φοίβη
510 694 594 735 δὲ“
574 712 597 744 η
622 702 692 735 τοῦ
716 696 872 746 καθαρά
895 712 980 736 τινα
1003 701 1065 736 καὶ

356 752 513 800 λαμπρὰ
536 749 658 790 εἶναι.

468 1061 679 1112 Compares
709 1062 825 1101 etiam
854 1061 968 1102 haec:

400 1160 437 1194 p.
462 1152 516 1194 28,
540 1152 596 1184 12:
644 1146 876 1195 σβεσθέντος
922 1147 964 1185 δὲ
1012 1146 1067 1191 εἰς

356 1197 453 1251 άέρα
485 1200 605 1241 αὐτοῦ
634 1202 828 1251 μεταβολὴ
860 1199 989 1252 άθροά
1014 1205 1066 1251 γί-

354 1272 460 1296 νεται
499 1262 554 1302 εἰς
591 1255 708 1306 ὕδωρ,
745 1256 767 1297 ὃ
800 1259 846 1307 δή
878 1259 1066 1307 λαμβάνει

355 1318 424 1352 τοῦ
451 1314 526 1361 μὲν
548 1312 812 1362 ὑφισταμένου
840 1314 977 1363 μέρους
1001 1320 1066 1363 τῆς

355 1369 485 1415 οὐσίας
528 1370 627 1409 κατά
665 1367 872 1415 πύκνωσιν,
916 1377 984 1410 τοῦ
1024 1372 1064 1410 δὲ

354 1425 639 1472 λεπτυνομένου
663 1425 749 1464 κατ’
772 1425 967 1476 ἀραίωσιν.

1140 290 1319 341 Αἰολικὴν
1340 296 1410 332 τοῦ
1425 298 1453 332 ΐι
1471 289 1569 342 πρός
1585 290 1630 331 τὸ
1649 300 1683 342 ἴε,
1699 291 1846 341 Κρεῖον

1139 351 1177 388 δὲ
1211 348 1252 388 τὸ
1281 349 1478 400 βασιλικὸν
1512 352 1575 388 καὶ
1602 346 1845 398 ἡγεμονικόν,

1130 402 1332 456 Ὑπερίονα
1377 407 1418 446 δὲ
1462 405 1530 454 τὴν
1568 403 1650 444 άνω
1684 406 1845 453 κίνησιν,

1138 461 1214 501 άπὸ
1240 468 1309 501 τοῦ
1331 460 1511 512 ὖπεράνω
1535 461 1629 500 ἰέναι
1644 464 1705 510 (=
1720 464 1765 500 fr.
1780 467 1843 500 1⁰⁰

1135 521 1253 568 Am).

1180 591 1325 625 v.135:
1365 587 1480 625 Θείαν
1513 584 1583 634 τήν
1616 589 1845 635 θεωροῦσαν

1134 640 1183 680 τά
1213 641 1338 680 πάντα
1370 642 1538 689 δύναμιν.
1568 656 1672 690 παρα
1703 641 1748 679 τὸ
1778 646 1844 680 35-

1134 701 1281 737 ᾶσθαι.
1318 689 1480 738 .Ρὲα“
1455 715 1477 747 η
1506 696 1548 745 ἐξ
1564 695 1722 747 ομβρων
1734 711 1845 746 χυσις

1136 753 1233 798 ἐστί,
1264 752 1362 791 κατά
1395 754 1436 793 δὲ
1469 769 1538 792 τον
1567 753 1797 802 Χρύσιππον
1819 751 1841 801 ἧ

1133 815 1181 858 γῆ
1212 812 1274 858 (=
1288 812 1566 858 fr.1085Arn.).
1589 823 1625 849 v.
1640 815 1721 848 1³6:
1755 811 1844 847 Φοι-

1132 870 1214 915 βην.
1254 865 1306 904 Τὸ
1340 865 1515 915 καθαρὸν
1542 872 1611 906 τοῦ
1635 862 1760 916 άέρος,
1783 864 1845 904 διὰ

1132 927 1248 961 τοῦτο
1272 925 1335 960 καὶ
1357 922 1690 971 χρυσοστέφανον·
1725 925 1843 960 καθα-

1134 977 1203 1027 οός
1226 978 1300 1028 yde
1324 993 1345 1017 ο
1366 978 1520 1028 χρυσός-

1180 1149 1282 1186 Diac.
1306 1160 1342 1195 p.
1359 1152 1436 1195 554,
1450 1149 1556 1186 δῦθι
1575 1143 1728 1185 Ἔπειτα
1752 1147 1793 1186 δὲ
1816 1144 1839 1196 ἧ

1135 1209 1183 1251 γῆ
1214 1202 1427 1252 παράγεται
1457 1203 1557 1251 μετὰ
1588 1202 1632 1242 τὸ
1655 1203 1762 1252 χάος,
1785 1203 1844 1243 εὖ·

1134 1257 1280 1306 λόγως·
1320 1265 1389 1297 τοῦ
1418 1259 1493 1307 γὰρ
1521 1257 1657 1304 ὕδατος
1685 1273 1843 1297 πυκνου-

1133 1313 1253 1362 μένου
1298 1316 1363 1354 καὶ
1409 1314 1463 1361 εἰς
1515 1313 1844 1365 ὁλοσχερεστέραν

1135 1371 1250 1419 φύσιν
1274 1370 1562 1417 συνισταμένου,
1597 1369 1697 1419 παχύ
1720 1386 1755 1409 τι
1778 1375 1842 1408 καὶ

1135 1425 1398 1475 γεωδέστερον
1426 1426 1471 1464 τὺ
1488 1424 1766 1474 ’συναγόμενον
1789 1429 1842 1475 γί-

1134 1495 1261 1522 νεται·
1284 1482 1523 1530 μανουμένου
1547 1483 1588 1522 δὲ
1611 1483 1674 1522 καὶ
1691 1481 1841 1532 άραιου-

1132 1538 1263 1585 μένου,
1299 1539 1337 1576 εἰ
1368 1539 1442 1585 μὲν
1476 1536 1605 1587 ἦττον,
1640 1537 1713 1587 α’ὴρ
1750 1538 1842 1576 άπο-

1133 1599 1336 1643 γεννᾶται·
1377 1594 1410 1633 εἰ
1446 1595 1486 1634 δὲ
1523 1598 1670 1642 μᾶλλον
1707 1598 1841 1633 λεπτο-

1131 1650 1376 1699 μερέστερον,
1412 1653 1556 1698 γίνεται
1590 1656 1669 1699 πῦρ
1703 1649 1750 1688 to*
1786 1650 1842 1688 ἐν·

1131 1710 1272 1744 τεῦθεν
1296 1702 1618 1753 ἀποτελούμενον.

466 1823 580 1871 Quod
608 1835 688 1862 non
716 1824 821 1862 omni
848 1835 870 1862 e
899 1826 1011 1873 parte
1040 1823 1231 1862 Cornutus
1260 1826 1298 1862 et
1317 1823 1514 1863 Diaconns
1543 1825 1771 1872 congruunt,
1799 1822 1842 1861 id

353 1890 444 1930 inde
485 1890 699 1941 expeditur,
738 1890 842 1940 qnod
876 1890 940 1929 hic
975 1890 1148 1940 sequitur
1176 1890 1366 1929 rationem
1395 1890 1579 1939 Zenonis,
1617 1890 1684 1940 qui
1713 1889 1841 1930 Chaos

353 1958 523 1997 umidum
552 1959 636 1997 sive
664 1969 806 2008 aquam
834 1958 1040 2008 intellegit,
1070 1957 1261 1997 Cornutus
1289 1960 1417 1997 autem
1442 1952 1550 2011 χάος
1568 1958 1843 2009 interpretatur

354 2020 463 2074 κάος
501 2026 584 2065 sive
620 2025 715 2079 ,πῦρ
756 2028 795 2065 et
831 2026 929 2076 igni,
968 2037 1084 2075 quem
1112 2024 1231 2065 Stoici
1264 2037 1392 2065 rerum
1420 2025 1652 2076 principium
1680 2028 1841 2076 ponunt,

352 2093 455 2133 idem
495 2106 579 2134 esse
618 2095 763 2133 statuit.
810 2093 932 2133 Vides
960 2094 1078 2143 igitur
1106 2093 1181 2132 hoc
1210 2093 1324 2133 modo
1353 2094 1496 2144 optime
1525 2093 1699 2144 probari,
1737 2093 1841 2143 quod

353 2173 471 2213 supra
509 2162 725 2213 suspicatus
761 2173 844 2201 sum
879 2161 982 2200 hanc
1010 2161 1365 2211 interpretationem
1395 2161 1564 2201 Cornuto
1593 2162 1669 2212 ipsi
1697 2161 1841 2202 deberi.

465 2230 562 2269 Alia
602 2232 729 2269 autem
771 2229 1010 2269 Cornutiana
1049 2242 1073 2267 a
1111 2228 1287 2277 scholiis,
1327 2240 1427 2278 quae
1466 2231 1621 2268 servata
1659 2232 1764 2277 sunt,
1802 2231 1842 2268 et

352 2296 522 2335 Diaconi
575 2297 777 2346 allegoriis
831 2295 1036 2344 recedunt,
1090 2296 1200 2334 velut
1253 2295 1591 2346 interpretationes
1644 2296 1840 2335 nominum

352 2357 546 2412 Ἰαπετός
565 2364 618 2416 (p.
640 2364 706 2412 30,
721 2364 775 2414 8),
804 2356 1006 2412 Ὠκεανός
1025 2363 1079 2414 (p.
1095 2363 1160 2411 30,
1181 2364 1258 2413 18),
1293 2357 1438 2417 Τηθύς
1457 2364 1509 2413 (p.
1526 2364 1591 2412 31,
1608 2363 1660 2414 2).
1702 2364 1840 2403 Mirum

351 2433 392 2470 in
421 2431 577 2470 modum
606 2444 630 2470 a
660 2431 829 2472 Cornuto
849 2431 1012 2471 Titanes
1042 2443 1129 2470 cum
1158 2431 1304 2470 viribus
1333 2431 1547 2480 contrariis,
1576 2442 1673 2482 quas
1701 2432 1841 2482 Empe-

352 2588 374 2611 ο
399 2587 528 2622 πατηρ
552 2576 724 2620 Λητοῦς·
758 2571 862 2620 παρά
893 2571 938 2610 τὸ
971 2578 1091 2616 κοεῖν,
1128 2567 1151 2610 ό
1185 2570 1266 2609 ἐστι
1290 2576 1395 2609 νοεῖν
1423 2572 1486 2610 καὶ
1510 2571 1691 2616 συνιέναι,
1722 2569 1840 2620 ἤγουν

354 2629 647 2733 &wstgcffln'm
671 2690 727 2724 est
749 2687 848 2734 apud
871 2686 1085 2733 Cornutum,
1118 2686 1258 2723 etiamsi
1280 2686 1436 2723 Zenonis
1458 2686 1636 2724 rationem
1658 2690 1841 2733 sequatur,

352 2754 446 2790 quae
470 2744 577 2780 huius
592 2743 734 2780 Titanis
757 2743 902 2780 nomine
924 2753 991 2789 per
1014 2755 1048 2778 ει
1071 2743 1208 2789 scripto
1231 2743 1366 2788 nititur,
1388 2743 1464 2788 legi
1479 2743 1610 2789 Κρῖον.
1648 2742 1702 2780 Cf.
1718 2743 1842 2789 Lehrs,

352 2800 409 2837 De
432 2797 634 2838 Aristarchi
656 2798 787 2837 studiis
808 2799 1011 2836 Homericis
1032 2809 1069 2846 p.
1085 2801 1149 2836 281
1175 2799 1250 2845 (ed.
1266 2798 1349 2845 111).
