2096 3129
378 154 431 194 10

378 270 552 314 exstant,
589 269 778 318 originem
817 267 999 307 videntur
1037 268 1124 319 ipsa
1152 268 1336 319 prodere,
1371 268 1420 309 cf.
1449 282 1487 321 p.
1509 271 1546 319 7,
1563 269 1598 309 4.
1641 267 1868 319 54,15,16.

376 337 438 375 Ne
478 337 565 386 quis
606 337 750 375 obiciat
785 337 826 374 in
861 336 1062 386 allegoriis
1095 347 1134 386 p.
1156 337 1221 384 34,
1238 338 1292 376 20
1303 348 1386 387 sqq.
1417 338 1623 388 explicatis
1651 338 1866 376 Minervam

292 436 298 442 ,
377 405 606 455 sapientiam
641 405 724 444 sive
758 403 1005 455 prudentiam
1040 404 1238 455 intellegi,
1277 405 1318 445 id
1347 405 1451 456 quod
1481 405 1585 457 apud
1615 405 1763 446 Stoicos
1790 404 1867 443 usi-

377 472 605 511 tatissimum
634 473 694 519 sit,
723 472 771 510 iis
801 474 927 510 autem
946 472 1056 520 locis,
1086 482 1185 522 quos
1205 472 1332 512 editor
1351 473 1605 522 damnaverit,
1633 473 1697 512 illi
1716 472 1867 510 virtutis

377 540 573 580 notionem
616 540 750 589 tribui,
794 540 887 579 satis
930 542 1024 590 puto
1069 551 1156 579 esse
1200 552 1358 581 monere
1402 541 1613 582 secundum
1653 541 1867 582 Stoicorum

379 608 591 647 doctrinam
631 606 732 646 nihil
770 606 904 647 differe
933 607 1034 646 inter
1062 607 1307 657 prudentiam
1338 604 1590 663 (φρόνησιν)
1620 611 1659 648 et
1685 608 1864 647 virtutem

378 671 584 730 (ἀρετήν).

489 767 526 805 p.
547 755 773 803 39,6—12
814 752 890 794 καὶ
926 751 1089 795 ἱππίαν
1123 752 1198 794 καὶ
1238 751 1525 808 δαμάσιππον
1563 753 1638 796 καὶ
1673 752 1868 809 δορικένέ

376 836 489 876 τορα
540 820 615 862 καὶ
668 821 907 875 πολλαχῶς
960 815 1109 870 ἄλλως
1163 813 1302 878 αὐτὴν
1351 819 1750 878 προσαγορεύουσι,
1793 820 1868 863 καὶ

377 883 577 931 ἀνιστᾶσι
606 885 662 931 τὰ
690 885 883 942 τρόπαια
913 887 964 931 ἐκ
992 886 1144 942 ξύλων
1175 887 1384 942 ἐλαΐνων,
1413 887 1599 943 μάλιστα
1627 888 1674 932 δὲ
1692 887 1766 931 καὶ
1786 884 1867 946 τὴν

377 956 524 1011 Νίκην
553 956 663 1010 αὐτῇ
691 953 920 1010 πάρεδρον
940 952 1153 1006 διδόασιν,
1184 949 1279 1011 ἥτις
1300 953 1365 998 ἑνὶ
1385 956 1535 1007 εἴκειν,
1563 958 1630 1012 τῷ
1648 970 1869 1011 περιγινο-

375 1022 497 1078 μένῳ
530 1031 664 1075 ποιεῖ,
701 1021 909 1079 πτερωτὴ
938 1022 1292 1079 παρεισαγομένῃ
1323 1020 1398 1066 διὰ
1424 1020 1477 1066 τὸ
1507 1017 1763 1080 ὀξύρροπον
1792 1022 1867 1065 καὶ

377 1086 677 1144 εὐμετάβολον
715 1093 811 1132 τῶν
846 1087 1152 1145 παρατάξεων.
1210 1092 1327 1131 Cuius
1361 1094 1441 1131 loci
1475 1093 1629 1132 habitus
1663 1096 1741 1131 tam
1774 1104 1867 1131 vere

377 1160 636 1200 Cornutianus
666 1161 742 1209 est,
782 1171 897 1210 quem
926 1160 1166 1199 extrinsecus
1200 1159 1410 1210 inrepsisse
1437 1160 1601 1211 cogitari
1631 1171 1710 1199 non
1737 1159 1868 1210 possit.

376 1229 478 1266 Nam
507 1216 778 1277 praeterquam
808 1227 913 1276 quod
943 1228 1169 1266 collectioni
1198 1228 1487 1276 cognominum,
1522 1239 1623 1276 quae
1652 1228 1702 1266 ad
1730 1228 1867 1266 Jovem

377 1298 577 1335 tonantem
621 1295 836 1346 pertinent,
880 1294 1070 1334 similibus
1114 1294 1244 1334 verbis
1284 1297 1403 1345 atque
1441 1294 1641 1334 Minervae
1676 1294 1867 1346 cognomi-

376 1375 468 1401 num
507 1363 621 1402 seriei
660 1363 747 1401 finis
782 1363 992 1412 imponitur
1037 1362 1102 1412 (cf.
1139 1360 1213 1402 καὶ
1252 1361 1490 1414 πολλαχῶς
1526 1355 1666 1410 ἄλλως
1700 1375 1739 1412 p.
1761 1363 1826 1409 39,
1843 1364 1865 1400 7

377 1454 434 1460 -
462 1428 539 1470 καὶ
573 1423 717 1478 ἄλλως
751 1428 990 1482 πολλαχῶς
1020 1426 1139 1470 κατὰ
1174 1424 1417 1483 διαφόρους
1448 1427 1646 1478 ἐπινοίας
1674 1441 1712 1480 p.
1734 1430 1770 1478 9,
1789 1429 1868 1478 13),

377 1510 496 1537 voces
533 1498 793 1538 Cornutianae
831 1500 1037 1537 occurrunt
1076 1497 1168 1536 hae:
1197 1510 1234 1535 v.
1255 1498 1279 1535 9
1316 1493 1543 1550 πάρεδρον
1580 1496 1628 1536 cf.
1657 1509 1693 1547 p.
1714 1496 1780 1544 45,
1800 1497 1867 1544 123

378 1578 414 1605 v.
434 1567 482 1604 ll
515 1562 869 1619 παρεισαγομένῃ
892 1564 940 1604 cf.
959 1564 1149 1613 indicem3
1178 1576 1214 1605 ν.
1234 1565 1284 1603 12
1305 1560 1599 1618 παρατάξεων
1628 1563 1677 1603 cf.
1696 1576 1733 1614 p.
1749 1563 1815 1613 41,
1830 1565 1868 1603 8.

380 1635 445 1683 64,
468 1635 506 1673 3.

492 1737 532 1775 p.
558 1725 623 1773 40,
648 1723 817 1762 14—15
848 1720 905 1764 οὐ
933 1720 1030 1764 κατ’
1060 1715 1200 1763 ἄλλον
1231 1719 1371 1776 λόγον
1399 1714 1427 1778 ἢ
1457 1720 1533 1762 καὶ
1555 1717 1869 1775 ὀβριμοπάτρις

378 1791 406 1847 ή
423 1785 599 1847 Ἀθηνᾶ.
654 1791 848 1831 Sermonis
878 1791 1103 1831 Cornutiani
1132 1790 1285 1829 videtur
1315 1801 1400 1829 esse
1430 1782 1528 1830 κατ’
1548 1782 1689 1829 ἄλλον
1719 1785 1870 1842 λόγον,

378 1860 427 1899 cf.
453 1873 491 1910 p.
511 1860 620 1907 8,10
648 1850 747 1898 κατ’
768 1853 910 1899 ἄλλον
940 1856 987 1899 δὲ
1016 1854 1168 1911 λόγον,
1197 1870 1237 1908 p.
1258 1858 1323 1906 56,
1339 1859 1365 1896 8
1395 1852 1509 1897 κατὰ
1530 1853 1681 1909 λόγον.
1729 1857 1867 1906 Neque

377 1927 482 1979 quod
511 1938 666 1967 sensum
695 1926 841 1976 attinet,
871 1929 1047 1966 movetur
1076 1925 1276 1966 dubitatio.

493 2030 532 2069 p.
562 2017 628 2065 41,
649 2017 759 2055 4—5
789 2015 956 2070 γίνεται
982 2009 1064 2057 οὖν
1095 2008 1184 2057 άπὸ
1204 2015 1288 2057 τοῦ
1308 2008 1450 2069 ἄρσαι,
1482 2006 1506 2055 ὅ
1528 2011 1647 2055 ἐστιν
1668 2009 1866 2067 ἁρμόσαι.

380 2086 511 2125 Verba
540 2077 631 2126 άπὸ
660 2084 746 2125 τοῦ
775 2077 916 2136 ἄρσαι,
946 2076 971 2124 ὅ
1001 2081 1120 2125 ἐστιν
1150 2074 1351 2136 ἁρμόσαι,
1379 2083 1524 2132 quippe
1544 2082 1680 2131 quibus
1701 2085 1868 2130 etymum

381 2153 642 2200 contineatur,
687 2162 764 2201 quo
804 2151 943 2191 omisso
984 2151 1189 2201 originatio
1226 2150 1393 2190 nominis
1422 2149 1558 2188 Martis
1596 2161 1675 2188 non
1712 2149 1868 2188 intelle-

381 2222 496 2270 gitur,
534 2220 602 2258 vix
637 2221 802 2269 possunt
836 2218 1068 2266 desiderari3
1107 2221 1147 2257 et
1175 2218 1340 2257 eundem
1370 2216 1452 2256 fere
1480 2217 1522 2254 in
1551 2216 1704 2255 modum
1734 2216 1868 2256 eadem

380 2289 422 2326 in
466 2286 672 2326 derivandi
713 2286 864 2324 ratione
901 2297 940 2336 p.
970 2286 1107 2336 74,19
1139 2287 1310 2334 etymum
1348 2285 1474 2334 ipsum
1513 2283 1668 2322 additur
1697 2280 1763 2333 (ἐκ
1791 2283 1868 2339 τῆς

379 2354 546 2407 χαρᾶς).
609 2354 657 2392 Id
695 2365 849 2402 quoque
889 2354 1047 2393 Cornuti
1086 2365 1173 2392 cum
1211 2351 1489 2392 consuetudine
1529 2352 1724 2399 convenit,
1764 2352 1868 2401 quod

380 2421 713 2472 interpretationis
756 2421 879 2459 instar
923 2421 1168 2470 subiungitur
1213 2413 1238 2461 ὅ
1275 2416 1368 2460 ἐστι
1402 2432 1441 2459 κ.
1468 2431 1507 2458 τ.
1535 2419 1574 2459 λ.
1611 2418 1675 2467 (cf.
1703 2431 1741 2469 p.
1767 2419 1805 2468 2,
1828 2420 1868 2467 13

385 2490 448 2529 14.
493 2489 559 2538 45,
585 2489 651 2528 22.
691 2488 755 2538 57,
781 2488 834 2538 3).
906 2488 983 2528 Sed
1031 2489 1081 2528 ab
1131 2489 1215 2528 eius
1265 2498 1442 2527 sermone
1485 2484 1666 2526 abhorret
1708 2487 1867 2527 verbum

382 2555 585 2610 γίνεσθαι
620 2557 661 2595 in
695 2568 793 2595 voce
823 2556 990 2606 quadam
1020 2555 1234 2596 derivanda
1264 2554 1493 2603 adhibitum,
1528 2565 1655 2604 neque
1684 2556 1782 2604 scio,
1817 2567 1868 2594 an

380 2627 488 2665 recte
516 2625 690 2674 suspicer
717 2624 913 2673 legentem
940 2624 1145 2674 quendam,
1184 2624 1251 2674 qui
1281 2622 1498 2663 sententiae
1527 2622 1867 2664 conformationem

380 2692 500 2742 paulo
529 2691 813 2742 impeditiorem
842 2703 921 2729 non
945 2691 1198 2742 perspexerit,
1218 2688 1387 2743 γίνεται
1407 2681 1490 2729 οὖν
1510 2689 1715 2730 addidisse.
1758 2690 1867 2737 Quae

377 2759 498 2801 verba
527 2758 562 2798 si
591 2757 784 2807 delentur,
812 2758 944 2811 prodit
972 2759 1062 2798 talis
1092 2758 1249 2810 qualem
1269 2768 1390 2809 supra
1410 2767 1566 2808 quoque
1585 2757 1638 2810 (p.
1656 2759 1697 2808 9)
1717 2758 1856 2798 restitu
