<?xml version="1.0" encoding="UTF-8"?>
<!DOCTYPE html PUBLIC "-//W3C//DTD XHTML 1.0 Transitional//EN"
    "http://www.w3.org/TR/xhtml1/DTD/xhtml1-transitional.dtd">
<html xmlns="http://www.w3.org/1999/xhtml" xml:lang="en" lang="en">
 <head>
  <title>
</title>
<meta http-equiv="Content-Type" content="text/html;charset=utf-8" />
  <meta name='ocr-system' content='tesseract 3.04.00' />
  <meta name='ocr-capabilities' content='ocr_page ocr_carea ocr_par ocr_line ocrx_word'/>
</head>
<body>
  <div class='ocr_page' id='page_1' title='image "4738063_0031.png"; bbox 0 0 2096 3129; ppageno 0'>
   <div class='ocr_carea' id='block_1_1' title="bbox 385 164 436 202">
    <p class='ocr_par' dir='ltr' id='par_1_1' title="bbox 385 164 436 202">
     <span class='ocr_line' id='line_1_1' title="bbox 385 164 436 202; baseline 0 0"><span class='ocrx_word' id='word_1_1' title='bbox 385 164 436 202; x_wconf 83' lang='grc'><strong>12</strong></span> 
     </span>
    </p>
   </div>
   <div class='ocr_carea' id='block_1_2' title="bbox 376 271 1873 2634">
    <p class='ocr_par' dir='ltr' id='par_1_2' title="bbox 378 271 1873 802">
     <span class='ocr_line' id='line_1_2' title="bbox 383 271 1872 329; baseline -0.003 -14"><span class='ocrx_word' id='word_1_2' title='bbox 383 278 448 326; x_wconf 85' lang='grc'><strong>69,</strong></span> <span class='ocrx_word' id='word_1_3' title='bbox 468 277 531 327; x_wconf 88' lang='grc'><strong>17,</strong></span> <span class='ocrx_word' id='word_1_4' title='bbox 550 278 614 315; x_wconf 88' lang='grc'><strong>20.</strong></span> <span class='ocrx_word' id='word_1_5' title='bbox 664 276 758 316; x_wconf 87' lang='lat' dir='ltr'><strong>Cum</strong></span> <span class='ocrx_word' id='word_1_6' title='bbox 787 275 917 315; x_wconf 85' lang='lat' dir='ltr'><strong>verbis</strong></span> <span class='ocrx_word' id='word_1_7' title='bbox 945 271 1277 328; x_wconf 74' lang='grc' dir='ltr'><strong><em>πλεονάζοντος</em></strong></span> <span class='ocrx_word' id='word_1_8' title='bbox 1308 275 1389 316; x_wconf 82' lang='grc' dir='ltr'><strong><em>τοῦ</em></strong></span> <span class='ocrx_word' id='word_1_9' title='bbox 1409 289 1435 316; x_wconf 93' lang='grc' dir='ltr'><strong><em>τ</em></strong></span> <span class='ocrx_word' id='word_1_10' title='bbox 1456 272 1676 329; x_wconf 83' lang='grc' dir='ltr'><strong><em>στοιχείου</em></strong></span> <span class='ocrx_word' id='word_1_11' title='bbox 1696 271 1872 323; x_wconf 79' lang='lat' dir='ltr'><strong>congruit</strong></span> 
     </span>
     <span class='ocr_line' id='line_1_3' title="bbox 381 336 1873 395; baseline -0.003 -11"><span class='ocrx_word' id='word_1_12' title='bbox 381 345 546 395; x_wconf 87' lang='lat' dir='ltr'><strong>phrasis,</strong></span> <span class='ocrx_word' id='word_1_13' title='bbox 577 356 677 394; x_wconf 88' lang='lat' dir='ltr'><strong>quae</strong></span> <span class='ocrx_word' id='word_1_14' title='bbox 706 357 744 395; x_wconf 88' lang='lat' dir='ltr'><strong>p.</strong></span> <span class='ocrx_word' id='word_1_15' title='bbox 769 344 830 393; x_wconf 93' lang='lat'><strong>16,</strong></span> <span class='ocrx_word' id='word_1_16' title='bbox 849 344 899 382; x_wconf 87' lang='lat'><strong>13</strong></span> <span class='ocrx_word' id='word_1_17' title='bbox 931 343 1077 393; x_wconf 85' lang='lat' dir='ltr'><strong>scripta</strong></span> <span class='ocrx_word' id='word_1_18' title='bbox 1104 344 1249 394; x_wconf 85' lang='lat' dir='ltr'><strong>legitur</strong></span> <span class='ocrx_word' id='word_1_19' title='bbox 1278 338 1377 392; x_wconf 72' lang='grc' dir='ltr'><strong><em>ἑνὸς</em></strong></span> <span class='ocrx_word' id='word_1_20' title='bbox 1401 336 1730 395; x_wconf 80' lang='grc' dir='ltr'><strong><em>πλεονάζοντος</em></strong></span> <span class='ocrx_word' id='word_1_21' title='bbox 1758 349 1873 383; x_wconf 86' lang='grc' dir='ltr'><strong><em>στοι-</em></strong></span> 
     </span>
     <span class='ocr_line' id='line_1_4' title="bbox 378 408 1872 465; baseline -0.004 -12"><span class='ocrx_word' id='word_1_22' title='bbox 378 410 526 465; x_wconf 76' lang='grc' dir='ltr'><strong><em>χείους</em></strong></span> <span class='ocrx_word' id='word_1_23' title='bbox 579 412 628 451; x_wconf 91' lang='lat' dir='ltr'><strong>de</strong></span> <span class='ocrx_word' id='word_1_24' title='bbox 678 424 749 451; x_wconf 88' lang='lat' dir='ltr'><strong>usu</strong></span> <span class='ocrx_word' id='word_1_25' title='bbox 791 411 987 461; x_wconf 88' lang='lat' dir='ltr'><strong>participii</strong></span> <span class='ocrx_word' id='word_1_26' title='bbox 1041 408 1269 463; x_wconf 83' lang='grc' dir='ltr'><strong><em>εἰρημένος</em></strong></span> <span class='ocrx_word' id='word_1_27' title='bbox 1312 411 1574 462; x_wconf 88' lang='lat' dir='ltr'><strong>comparanda</strong></span> <span class='ocrx_word' id='word_1_28' title='bbox 1621 413 1725 458; x_wconf 89' lang='lat' dir='ltr'><strong>sunt,</strong></span> <span class='ocrx_word' id='word_1_29' title='bbox 1773 420 1872 458; x_wconf 88' lang='lat' dir='ltr'><strong>quae</strong></span> 
     </span>
     <span class='ocr_line' id='line_1_5' title="bbox 382 478 1872 530; baseline -0.003 -11"><span class='ocrx_word' id='word_1_30' title='bbox 382 482 538 519; x_wconf 77' lang='lat' dir='ltr'><strong>exstant</strong></span> <span class='ocrx_word' id='word_1_31' title='bbox 571 492 609 530; x_wconf 89' lang='lat' dir='ltr'><strong>p.</strong></span> <span class='ocrx_word' id='word_1_32' title='bbox 636 480 755 530; x_wconf 85' lang='lat'><strong>4,10.</strong></span> <span class='ocrx_word' id='word_1_33' title='bbox 787 480 823 528; x_wconf 88' lang='lat'><strong>7,</strong></span> <span class='ocrx_word' id='word_1_34' title='bbox 840 479 877 517; x_wconf 90' lang='lat'><strong>3.</strong></span> <span class='ocrx_word' id='word_1_35' title='bbox 912 478 1059 527; x_wconf 81' lang='lat'><strong>22,19.</strong></span> <span class='ocrx_word' id='word_1_36' title='bbox 1097 478 1245 526; x_wconf 54' lang='lat'><strong>2212.</strong></span> <span class='ocrx_word' id='word_1_37' title='bbox 1283 479 1348 527; x_wconf 86' lang='lat'><strong>30,</strong></span> <span class='ocrx_word' id='word_1_38' title='bbox 1365 480 1401 517; x_wconf 89' lang='lat'><strong>7.</strong></span> <span class='ocrx_word' id='word_1_39' title='bbox 1438 479 1585 526; x_wconf 88' lang='lat'><strong>31‚11.</strong></span> <span class='ocrx_word' id='word_1_40' title='bbox 1621 478 1725 526; x_wconf 89' lang='lat'><strong>67‚7</strong></span> <span class='ocrx_word' id='word_1_41' title='bbox 1766 479 1872 525; x_wconf 78' lang='lat' dir='ltr'><strong>(oon-</strong></span> 
     </span>
     <span class='ocr_line' id='line_1_6' title="bbox 381 544 1872 597; baseline -0.003 -10"><span class='ocrx_word' id='word_1_42' title='bbox 381 548 485 587; x_wconf 78' lang='lat' dir='ltr'><strong>feras</strong></span> <span class='ocrx_word' id='word_1_43' title='bbox 514 560 670 597; x_wconf 83' lang='lat' dir='ltr'>quaeso,</span> <span class='ocrx_word' id='word_1_44' title='bbox 700 559 800 597; x_wconf 88' lang='lat' dir='ltr'><strong>quae</strong></span> <span class='ocrx_word' id='word_1_45' title='bbox 830 558 947 596; x_wconf 88' lang='lat' dir='ltr'><strong>supra</strong></span> <span class='ocrx_word' id='word_1_46' title='bbox 975 558 1012 596; x_wconf 90' lang='lat' dir='ltr'><strong>p.</strong></span> <span class='ocrx_word' id='word_1_47' title='bbox 1033 547 1059 584; x_wconf 91' lang='lat'>8</span> <span class='ocrx_word' id='word_1_48' title='bbox 1089 545 1158 596; x_wconf 87' lang='lat' dir='ltr'><strong>(ad</strong></span> <span class='ocrx_word' id='word_1_49' title='bbox 1187 545 1300 585; x_wconf 89' lang='lat' dir='ltr'><strong>Corn.</strong></span> <span class='ocrx_word' id='word_1_50' title='bbox 1332 559 1370 596; x_wconf 89' lang='lat' dir='ltr'><strong>p.</strong></span> <span class='ocrx_word' id='word_1_51' title='bbox 1391 547 1655 596; x_wconf 85' lang='lat'>28‚17-18)</span> <span class='ocrx_word' id='word_1_52' title='bbox 1685 544 1734 584; x_wconf 90' lang='lat' dir='ltr'><strong>de</strong></span> <span class='ocrx_word' id='word_1_53' title='bbox 1752 544 1872 594; x_wconf 88' lang='lat' dir='ltr'><strong>parti-</strong></span> 
     </span>
     <span class='ocr_line' id='line_1_7' title="bbox 383 605 1872 670; baseline -0.002 -16"><span class='ocrx_word' id='word_1_54' title='bbox 383 615 485 666; x_wconf 88' lang='lat' dir='ltr'><strong>cipio</strong></span> <span class='ocrx_word' id='word_1_55' title='bbox 528 612 848 670; x_wconf 79' lang='grc' dir='ltr'><strong><em>προειρημένος</em></strong></span> <span class='ocrx_word' id='word_1_56' title='bbox 892 613 1103 663; x_wconf 79' lang='lat' dir='ltr'><strong>adnotavi).</strong></span> <span class='ocrx_word' id='word_1_57' title='bbox 1170 613 1365 664; x_wconf 85' lang='lat' dir='ltr'><strong>Apertum</strong></span> <span class='ocrx_word' id='word_1_58' title='bbox 1408 616 1536 653; x_wconf 89' lang='lat' dir='ltr'><strong>autem</strong></span> <span class='ocrx_word' id='word_1_59' title='bbox 1575 615 1634 652; x_wconf 89' lang='lat' dir='ltr'><strong>est</strong></span> <span class='ocrx_word' id='word_1_60' title='bbox 1666 611 1786 652; x_wconf 86' lang='lat' dir='ltr'><strong>verba</strong></span> <span class='ocrx_word' id='word_1_61' title='bbox 1818 605 1872 651; x_wconf 83' lang='grc' dir='ltr'><strong><em>τὸ</em></strong></span> 
     </span>
     <span class='ocr_line' id='line_1_8' title="bbox 381 670 1873 736; baseline -0.003 -13"><span class='ocrx_word' id='word_1_62' title='bbox 381 681 614 736; x_wconf 85' lang='grc' dir='ltr'><strong><em>εἰρημένον</em></strong></span> <span class='ocrx_word' id='word_1_63' title='bbox 641 677 781 735; x_wconf 82' lang='grc' dir='ltr'><strong><em>ὑγρόν</em></strong></span> <span class='ocrx_word' id='word_1_64' title='bbox 809 681 1017 721; x_wconf 84' lang='lat' dir='ltr'><strong>referenda</strong></span> <span class='ocrx_word' id='word_1_65' title='bbox 1045 692 1130 720; x_wconf 88' lang='lat' dir='ltr'><strong>esse</strong></span> <span class='ocrx_word' id='word_1_66' title='bbox 1160 681 1212 719; x_wconf 85' lang='lat' dir='ltr'><strong>ad</strong></span> <span class='ocrx_word' id='word_1_67' title='bbox 1239 681 1340 720; x_wconf 88' lang='lat' dir='ltr'><strong>initii</strong></span> <span class='ocrx_word' id='word_1_68' title='bbox 1369 682 1508 731; x_wconf 86' lang='lat' dir='ltr'><strong>capitis</strong></span> <span class='ocrx_word' id='word_1_69' title='bbox 1536 681 1650 720; x_wconf 88' lang='lat' dir='ltr'><strong>haec:</strong></span> <span class='ocrx_word' id='word_1_70' title='bbox 1681 671 1705 720; x_wconf 82' lang='grc' dir='ltr'>ὁ</span> <span class='ocrx_word' id='word_1_71' title='bbox 1736 670 1873 726; x_wconf 75' lang='grc' dir='ltr'><strong><em>αὐτός</em></strong></span> 
     </span>
     <span class='ocr_line' id='line_1_9' title="bbox 381 742 1454 802; baseline -0.002 -12"><span class='ocrx_word' id='word_1_72' title='bbox 381 746 473 790; x_wconf 82' lang='grc' dir='ltr'><strong><em>ἐστι</em></strong></span> <span class='ocrx_word' id='word_1_73' title='bbox 502 749 557 802; x_wconf 81' lang='grc' dir='ltr'><strong><em>τῇ</em></strong></span> <span class='ocrx_word' id='word_1_74' title='bbox 587 746 828 802; x_wconf 82' lang='grc' dir='ltr'><strong><em>τεταγμένῃ</em></strong></span> <span class='ocrx_word' id='word_1_75' title='bbox 858 743 973 789; x_wconf 83' lang='grc' dir='ltr'><strong><em>κατὰ</em></strong></span> <span class='ocrx_word' id='word_1_76' title='bbox 1001 742 1054 788; x_wconf 86' lang='grc' dir='ltr'><strong><em>τὸ</em></strong></span> <span class='ocrx_word' id='word_1_77' title='bbox 1083 742 1226 801; x_wconf 78' lang='grc' dir='ltr'><strong><em>ὑγρὸν</em></strong></span> <span class='ocrx_word' id='word_1_78' title='bbox 1259 743 1454 801; x_wconf 83' lang='grc' dir='ltr'><strong><em>δυνάμει.</em></strong></span> 
     </span>
    </p>

    <p class='ocr_par' dir='ltr' id='par_1_3' title="bbox 379 808 1872 1136">
     <span class='ocr_line' id='line_1_10' title="bbox 492 808 1871 868; baseline -0.001 -13"><span class='ocrx_word' id='word_1_79' title='bbox 492 829 530 867; x_wconf 90' lang='lat' dir='ltr'><strong>p.</strong></span> <span class='ocrx_word' id='word_1_80' title='bbox 557 817 622 865; x_wconf 87' lang='lat'><strong>44,</strong></span> <span class='ocrx_word' id='word_1_81' title='bbox 645 817 759 854; x_wconf 88' lang='grc'><strong>7-9</strong></span> <span class='ocrx_word' id='word_1_82' title='bbox 796 811 876 864; x_wconf 86' lang='grc' dir='ltr'><strong>τὰς</strong></span> <span class='ocrx_word' id='word_1_83' title='bbox 917 813 963 856; x_wconf 82' lang='grc' dir='ltr'><strong>δὲ</strong></span> <span class='ocrx_word' id='word_1_84' title='bbox 1003 813 1282 868; x_wconf 87' lang='grc' dir='ltr'><strong><em>γαμουμένας</em></strong></span> <span class='ocrx_word' id='word_1_85' title='bbox 1320 812 1495 868; x_wconf 86' lang='grc' dir='ltr'><strong><em>νύμφας</em></strong></span> <span class='ocrx_word' id='word_1_86' title='bbox 1533 814 1746 855; x_wconf 86' lang='grc' dir='ltr'><strong><em>καλοῦσιν</em></strong></span> <span class='ocrx_word' id='word_1_87' title='bbox 1783 808 1871 854; x_wconf 71' lang='grc' dir='ltr'><strong>α’πὸ</strong></span> 
     </span>
     <span class='ocr_line' id='line_1_11' title="bbox 380 878 1872 937; baseline -0.004 -12"><span class='ocrx_word' id='word_1_88' title='bbox 380 883 462 926; x_wconf 87' lang='grc' dir='ltr'><strong><em>τοῦ</em></strong></span> <span class='ocrx_word' id='word_1_89' title='bbox 505 883 590 925; x_wconf 79' lang='grc' dir='ltr'><strong>νῦν</strong></span> <span class='ocrx_word' id='word_1_90' title='bbox 627 878 819 937; x_wconf 82' lang='grc' dir='ltr'><strong><em>πρώτως</em></strong></span> <span class='ocrx_word' id='word_1_91' title='bbox 854 881 1094 936; x_wconf 81' lang='grc' dir='ltr'><strong><em>φαίνεσθαι</em></strong></span> <span class='ocrx_word' id='word_1_92' title='bbox 1133 880 1444 936; x_wconf 82' lang='grc' dir='ltr'><strong><em>κρυπτομένας</em></strong></span> <span class='ocrx_word' id='word_1_93' title='bbox 1471 880 1596 931; x_wconf 85' lang='grc' dir='ltr'><strong><em>τέως.</em></strong></span> <span class='ocrx_word' id='word_1_94' title='bbox 1654 882 1738 921; x_wconf 87' lang='lat' dir='ltr'><strong>Nisi</strong></span> <span class='ocrx_word' id='word_1_95' title='bbox 1768 879 1872 931; x_wconf 89' lang='lat' dir='ltr'><strong>quod</strong></span> 
     </span>
     <span class='ocr_line' id='line_1_12' title="bbox 381 948 1870 1006; baseline -0.004 -12"><span class='ocrx_word' id='word_1_96' title='bbox 381 948 573 1006; x_wconf 81' lang='grc' dir='ltr'><strong><em>πρώτως</em></strong></span> <span class='ocrx_word' id='word_1_97' title='bbox 602 965 626 991; x_wconf 92' lang='lat' dir='ltr'><strong>a</strong></span> <span class='ocrx_word' id='word_1_98' title='bbox 646 952 804 991; x_wconf 88' lang='lat' dir='ltr'><strong>Cornuti</strong></span> <span class='ocrx_word' id='word_1_99' title='bbox 835 951 990 991; x_wconf 86' lang='lat' dir='ltr'><strong>dicendi</strong></span> <span class='ocrx_word' id='word_1_100' title='bbox 1019 950 1298 991; x_wconf 87' lang='lat' dir='ltr'><strong>consuetudine</strong></span> <span class='ocrx_word' id='word_1_101' title='bbox 1327 963 1407 990; x_wconf 91' lang='lat' dir='ltr'><strong>non</strong></span> <span class='ocrx_word' id='word_1_102' title='bbox 1436 952 1606 991; x_wconf 83' lang='lat' dir='ltr'><strong>alienum</strong></span> <span class='ocrx_word' id='word_1_103' title='bbox 1635 953 1705 999; x_wconf 85' lang='lat' dir='ltr'><strong>est,</strong></span> <span class='ocrx_word' id='word_1_104' title='bbox 1734 962 1756 989; x_wconf 91' lang='lat' dir='ltr'><strong>e</strong></span> <span class='ocrx_word' id='word_1_105' title='bbox 1783 961 1870 988; x_wconf 85' lang='lat' dir='ltr'><strong>ver-</strong></span> 
     </span>
     <span class='ocr_line' id='line_1_13' title="bbox 379 1017 1871 1069; baseline -0.002 -10"><span class='ocrx_word' id='word_1_106' title='bbox 379 1021 515 1060; x_wconf 88' lang='lat' dir='ltr'><strong>borum</strong></span> <span class='ocrx_word' id='word_1_107' title='bbox 555 1031 629 1059; x_wconf 89' lang='lat' dir='ltr'><strong>usu</strong></span> <span class='ocrx_word' id='word_1_108' title='bbox 667 1018 767 1058; x_wconf 84' lang='lat' dir='ltr'><strong>nihil</strong></span> <span class='ocrx_word' id='word_1_109' title='bbox 803 1018 907 1058; x_wconf 86' lang='lat' dir='ltr'><strong>effici</strong></span> <span class='ocrx_word' id='word_1_110' title='bbox 942 1021 1087 1069; x_wconf 83' lang='lat' dir='ltr'><strong>potest3</strong></span> <span class='ocrx_word' id='word_1_111' title='bbox 1126 1017 1197 1058; x_wconf 85' lang='lat' dir='ltr'><strong>sed</strong></span> <span class='ocrx_word' id='word_1_112' title='bbox 1232 1018 1264 1057; x_wconf 86' lang='lat' dir='ltr'><strong>si</strong></span> <span class='ocrx_word' id='word_1_113' title='bbox 1292 1018 1333 1056; x_wconf 92' lang='lat' dir='ltr'><strong>in</strong></span> <span class='ocrx_word' id='word_1_114' title='bbox 1369 1017 1514 1058; x_wconf 85' lang='lat' dir='ltr'><strong>fontem</strong></span> <span class='ocrx_word' id='word_1_115' title='bbox 1553 1017 1871 1068; x_wconf 82' lang='lat' dir='ltr'><strong>inquisiverimus‚</strong></span> 
     </span>
     <span class='ocr_line' id='line_1_14' title="bbox 379 1086 1637 1136; baseline -0.002 -9"><span class='ocrx_word' id='word_1_116' title='bbox 379 1088 484 1127; x_wconf 90' lang='lat' dir='ltr'><strong>hunc</strong></span> <span class='ocrx_word' id='word_1_117' title='bbox 513 1089 643 1127; x_wconf 92' lang='lat' dir='ltr'><strong>locum</strong></span> <span class='ocrx_word' id='word_1_118' title='bbox 673 1099 754 1127; x_wconf 93' lang='lat' dir='ltr'><strong>non</strong></span> <span class='ocrx_word' id='word_1_119' title='bbox 784 1087 1019 1126; x_wconf 87' lang='lat' dir='ltr'><strong>subditivum</strong></span> <span class='ocrx_word' id='word_1_120' title='bbox 1049 1098 1135 1131; x_wconf 86' lang='lat' dir='ltr'><strong>esse</strong></span> <span class='ocrx_word' id='word_1_121' title='bbox 1164 1098 1236 1136; x_wconf 92' lang='lat' dir='ltr'><strong>pro</strong></span> <span class='ocrx_word' id='word_1_122' title='bbox 1267 1088 1373 1125; x_wconf 88' lang='lat' dir='ltr'><strong>certo</strong></span> <span class='ocrx_word' id='word_1_123' title='bbox 1402 1086 1637 1136; x_wconf 80' lang='lat' dir='ltr'><strong>probabitur.</strong></span> 
     </span>
    </p>

    <p class='ocr_par' dir='ltr' id='par_1_4' title="bbox 378 1146 1873 1815">
     <span class='ocr_line' id='line_1_15' title="bbox 495 1146 1872 1208; baseline -0.002 -13"><span class='ocrx_word' id='word_1_124' title='bbox 495 1168 532 1206; x_wconf 90' lang='lat' dir='ltr'><strong>p.</strong></span> <span class='ocrx_word' id='word_1_125' title='bbox 552 1155 808 1204; x_wconf 87' lang='lat'><strong>46,15-16</strong></span> <span class='ocrx_word' id='word_1_126' title='bbox 850 1146 919 1195; x_wconf 82' lang='grc' dir='ltr'><strong><em>ὅτι</em></strong></span> <span class='ocrx_word' id='word_1_127' title='bbox 948 1154 1014 1208; x_wconf 79' lang='grc' dir='ltr'><strong><em>τῷ</em></strong></span> <span class='ocrx_word' id='word_1_128' title='bbox 1044 1151 1554 1207; x_wconf 81' lang='grc' dir='ltr'><strong><em>φιλεῑνπαρακειμένως</em></strong></span> <span class='ocrx_word' id='word_1_129' title='bbox 1588 1147 1872 1208; x_wconf 73' lang='grc' dir='ltr'><strong><em>ἐξενήνεκται.</em></strong></span> 
     </span>
     <span class='ocr_line' id='line_1_16' title="bbox 378 1221 1873 1277; baseline -0.003 -12"><span class='ocrx_word' id='word_1_130' title='bbox 378 1226 466 1265; x_wconf 82' lang='lat' dir='ltr'><strong>Vox</strong></span> <span class='ocrx_word' id='word_1_131' title='bbox 520 1221 853 1277; x_wconf 83' lang='grc' dir='ltr'><strong><em>παρακειμένως</em></strong></span> <span class='ocrx_word' id='word_1_132' title='bbox 907 1223 979 1262; x_wconf 85' lang='lat' dir='ltr'><strong>etsi</strong></span> <span class='ocrx_word' id='word_1_133' title='bbox 1031 1223 1190 1262; x_wconf 87' lang='lat' dir='ltr'><strong>notione</strong></span> <span class='ocrx_word' id='word_1_134' title='bbox 1242 1223 1404 1272; x_wconf 86' lang='lat' dir='ltr'><strong>paulum</strong></span> <span class='ocrx_word' id='word_1_135' title='bbox 1462 1222 1614 1261; x_wconf 89' lang='lat' dir='ltr'><strong>variata</strong></span> <span class='ocrx_word' id='word_1_136' title='bbox 1670 1221 1873 1261; x_wconf 78' lang='lat' dir='ltr'><strong>adhibetur</strong></span> 
     </span>
     <span class='ocr_line' id='line_1_17' title="bbox 378 1288 1872 1342; baseline -0.003 -11"><span class='ocrx_word' id='word_1_137' title='bbox 378 1305 416 1342; x_wconf 91' lang='lat' dir='ltr'><strong>p.</strong></span> <span class='ocrx_word' id='word_1_138' title='bbox 438 1292 503 1341; x_wconf 88' lang='lat'><strong>65,</strong></span> <span class='ocrx_word' id='word_1_139' title='bbox 521 1293 558 1340; x_wconf 88' lang='grc'><strong>6,</strong></span> <span class='ocrx_word' id='word_1_140' title='bbox 578 1293 614 1330; x_wconf 92' lang='grc'><strong>7.</strong></span> <span class='ocrx_word' id='word_1_141' title='bbox 671 1292 741 1340; x_wconf 91' lang='lat' dir='ltr'><strong>Ut,</strong></span> <span class='ocrx_word' id='word_1_142' title='bbox 777 1303 855 1341; x_wconf 85' lang='lat' dir='ltr'><strong>qua</strong></span> <span class='ocrx_word' id='word_1_143' title='bbox 889 1291 1040 1329; x_wconf 87' lang='lat' dir='ltr'><strong>ratione</strong></span> <span class='ocrx_word' id='word_1_144' title='bbox 1076 1290 1161 1328; x_wconf 86' lang='lat' dir='ltr'><strong>tilia</strong></span> <span class='ocrx_word' id='word_1_145' title='bbox 1190 1290 1334 1328; x_wconf 86' lang='lat' dir='ltr'><strong>Veneri</strong></span> <span class='ocrx_word' id='word_1_146' title='bbox 1362 1289 1572 1338; x_wconf 84' lang='lat' dir='ltr'><strong>tribuatur,</strong></span> <span class='ocrx_word' id='word_1_147' title='bbox 1606 1290 1767 1339; x_wconf 89' lang='lat' dir='ltr'><strong>planum</strong></span> <span class='ocrx_word' id='word_1_148' title='bbox 1795 1288 1872 1337; x_wconf 86' lang='lat' dir='ltr'><strong>fiat,</strong></span> 
     </span>
     <span class='ocr_line' id='line_1_18' title="bbox 380 1350 1871 1411; baseline -0.003 -12"><span class='ocrx_word' id='word_1_149' title='bbox 380 1362 471 1411; x_wconf 87' lang='lat' dir='ltr'><strong>post</strong></span> <span class='ocrx_word' id='word_1_150' title='bbox 499 1360 622 1398; x_wconf 86' lang='lat' dir='ltr'><strong>verba</strong></span> <span class='ocrx_word' id='word_1_151' title='bbox 652 1355 723 1399; x_wconf 86' lang='grc' dir='ltr'><strong>διά</strong></span> <span class='ocrx_word' id='word_1_152' title='bbox 753 1372 801 1399; x_wconf 93' lang='grc' dir='ltr'><strong>τε</strong></span> <span class='ocrx_word' id='word_1_153' title='bbox 830 1350 1032 1410; x_wconf 75' lang='grc' dir='ltr'><strong><em>τοῦνομα</em></strong></span> <span class='ocrx_word' id='word_1_154' title='bbox 1062 1358 1170 1397; x_wconf 87' lang='lat' dir='ltr'><strong>vocis</strong></span> <span class='ocrx_word' id='word_1_155' title='bbox 1200 1350 1366 1410; x_wconf 79' lang='grc' dir='ltr'><strong><em>φιλύρα</em></strong></span> <span class='ocrx_word' id='word_1_156' title='bbox 1397 1357 1674 1406; x_wconf 80' lang='lat' dir='ltr'><strong>etymologiam</strong></span> <span class='ocrx_word' id='word_1_157' title='bbox 1693 1357 1871 1407; x_wconf 83' lang='lat' dir='ltr'><strong>subiungi</strong></span> 
     </span>
     <span class='ocr_line' id='line_1_19' title="bbox 379 1416 1870 1480; baseline -0.003 -12"><span class='ocrx_word' id='word_1_158' title='bbox 379 1439 542 1468; x_wconf 84' lang='lat' dir='ltr'><strong>necesse</strong></span> <span class='ocrx_word' id='word_1_159' title='bbox 571 1429 641 1466; x_wconf 88' lang='lat' dir='ltr'><strong>est.</strong></span> <span class='ocrx_word' id='word_1_160' title='bbox 698 1426 849 1465; x_wconf 84' lang='lat' dir='ltr'><strong>Similia</strong></span> <span class='ocrx_word' id='word_1_161' title='bbox 878 1428 967 1465; x_wconf 87' lang='lat' dir='ltr'><strong>sunt</strong></span> <span class='ocrx_word' id='word_1_162' title='bbox 995 1425 1110 1464; x_wconf 88' lang='lat' dir='ltr'><strong>haec:</strong></span> <span class='ocrx_word' id='word_1_163' title='bbox 1147 1421 1256 1478; x_wconf 86' lang='grc' dir='ltr'><strong><em>τάχα</em></strong></span> <span class='ocrx_word' id='word_1_164' title='bbox 1287 1422 1333 1466; x_wconf 80' lang='grc' dir='ltr'><strong>δὲ</strong></span> <span class='ocrx_word' id='word_1_165' title='bbox 1363 1423 1437 1464; x_wconf 87' lang='grc' dir='ltr'><strong><em>καὶ</em></strong></span> <span class='ocrx_word' id='word_1_166' title='bbox 1466 1419 1520 1465; x_wconf 85' lang='grc' dir='ltr'>τό</span> <span class='ocrx_word' id='word_1_167' title='bbox 1551 1418 1693 1477; x_wconf 82' lang='grc' dir='ltr'><strong><em>ὄνομα</em></strong></span> <span class='ocrx_word' id='word_1_168' title='bbox 1723 1416 1870 1480; x_wconf 72' lang='grc' dir='ltr'><strong><em>αὐτῆς,</em></strong></span> 
     </span>
     <span class='ocr_line' id='line_1_20' title="bbox 379 1491 1871 1549; baseline -0.005 -12"><span class='ocrx_word' id='word_1_169' title='bbox 379 1493 658 1549; x_wconf 81' lang='grc' dir='ltr'><strong><em>προστρέχον</em></strong></span> <span class='ocrx_word' id='word_1_170' title='bbox 698 1508 795 1542; x_wconf 91' lang='grc' dir='ltr'><strong><em>πως</em></strong></span> <span class='ocrx_word' id='word_1_171' title='bbox 833 1493 898 1548; x_wconf 81' lang='grc' dir='ltr'><strong><em>τῷ</em></strong></span> <span class='ocrx_word' id='word_1_172' title='bbox 938 1491 1186 1545; x_wconf 75' lang='grc' dir='ltr'><strong><em>διαφαίνειν</em></strong></span> <span class='ocrx_word' id='word_1_173' title='bbox 1221 1506 1262 1534; x_wconf 83' lang='grc' dir='ltr'><strong>κ.</strong></span> <span class='ocrx_word' id='word_1_174' title='bbox 1284 1506 1323 1533; x_wconf 92' lang='grc' dir='ltr'><strong>τ.</strong></span> <span class='ocrx_word' id='word_1_175' title='bbox 1348 1494 1386 1533; x_wconf 93' lang='grc' dir='ltr'><strong>λ.</strong></span> <span class='ocrx_word' id='word_1_176' title='bbox 1419 1494 1472 1542; x_wconf 88' lang='lat' dir='ltr'><strong>(p.</strong></span> <span class='ocrx_word' id='word_1_177' title='bbox 1499 1493 1564 1541; x_wconf 87' lang='lat'><strong>68,</strong></span> <span class='ocrx_word' id='word_1_178' title='bbox 1590 1494 1668 1542; x_wconf 87' lang='lat'>16).</span> <span class='ocrx_word' id='word_1_179' title='bbox 1733 1493 1871 1543; x_wconf 81' lang='lat' dir='ltr'><strong>Neque</strong></span> 
     </span>
     <span class='ocr_line' id='line_1_21' title="bbox 380 1555 1872 1615; baseline -0.002 -12"><span class='ocrx_word' id='word_1_180' title='bbox 380 1566 540 1615; x_wconf 84' lang='lat' dir='ltr'><strong>pugnat,</strong></span> <span class='ocrx_word' id='word_1_181' title='bbox 571 1562 674 1612; x_wconf 91' lang='lat' dir='ltr'><strong>quod</strong></span> <span class='ocrx_word' id='word_1_182' title='bbox 703 1574 740 1612; x_wconf 93' lang='lat' dir='ltr'><strong>p.</strong></span> <span class='ocrx_word' id='word_1_183' title='bbox 765 1562 828 1610; x_wconf 88' lang='lat'><strong>73,</strong></span> <span class='ocrx_word' id='word_1_184' title='bbox 845 1562 869 1600; x_wconf 83' lang='lat'>5</span> <span class='ocrx_word' id='word_1_185' title='bbox 900 1562 1066 1611; x_wconf 84' lang='lat' dir='ltr'><strong>legimus</strong></span> <span class='ocrx_word' id='word_1_186' title='bbox 1095 1559 1377 1613; x_wconf 80' lang='grc' dir='ltr'><strong><em>καθιέρωσαν</em></strong></span> <span class='ocrx_word' id='word_1_187' title='bbox 1409 1558 1456 1601; x_wconf 82' lang='grc' dir='ltr'><strong>δὲ</strong></span> <span class='ocrx_word' id='word_1_188' title='bbox 1484 1558 1558 1600; x_wconf 86' lang='grc' dir='ltr'><strong><em>καὶ</em></strong></span> <span class='ocrx_word' id='word_1_189' title='bbox 1585 1555 1668 1614; x_wconf 87' lang='grc' dir='ltr'><strong>τὴν</strong></span> <span class='ocrx_word' id='word_1_190' title='bbox 1687 1557 1872 1613; x_wconf 84' lang='grc' dir='ltr'><strong><em>τρίγλαν</em></strong></span> 
     </span>
     <span class='ocr_line' id='line_1_22' title="bbox 379 1622 1872 1684; baseline -0.004 -12"><span class='ocrx_word' id='word_1_191' title='bbox 379 1623 493 1684; x_wconf 72' lang='grc' dir='ltr'><strong><em>αὐτῇ</em></strong></span> <span class='ocrx_word' id='word_1_192' title='bbox 523 1623 596 1672; x_wconf 83' lang='grc' dir='ltr'><strong>διὰ</strong></span> <span class='ocrx_word' id='word_1_193' title='bbox 623 1622 823 1682; x_wconf 65' lang='grc' dir='ltr'><strong><em>τοῦνομα</em></strong></span> <span class='ocrx_word' id='word_1_194' title='bbox 851 1629 1089 1679; x_wconf 83' lang='lat' dir='ltr'><strong>etymologia</strong></span> <span class='ocrx_word' id='word_1_195' title='bbox 1119 1629 1279 1676; x_wconf 85' lang='lat' dir='ltr'><strong>omissa;</strong></span> <span class='ocrx_word' id='word_1_196' title='bbox 1314 1640 1404 1667; x_wconf 86' lang='lat' dir='ltr'><strong>nam</strong></span> <span class='ocrx_word' id='word_1_197' title='bbox 1433 1630 1522 1678; x_wconf 90' lang='lat' dir='ltr'><strong>post</strong></span> <span class='ocrx_word' id='word_1_198' title='bbox 1551 1639 1615 1676; x_wconf 79' lang='lat' dir='ltr'><strong>ea,</strong></span> <span class='ocrx_word' id='word_1_199' title='bbox 1652 1639 1751 1677; x_wconf 89' lang='lat' dir='ltr'><strong>quae</strong></span> <span class='ocrx_word' id='word_1_200' title='bbox 1781 1628 1872 1668; x_wconf 85' lang='lat' dir='ltr'><strong>Cor-</strong></span> 
     </span>
     <span class='ocr_line' id='line_1_23' title="bbox 379 1696 1871 1749; baseline -0.003 -10"><span class='ocrx_word' id='word_1_201' title='bbox 379 1703 495 1739; x_wconf 85' lang='lat' dir='ltr'><strong>nutus</strong></span> <span class='ocrx_word' id='word_1_202' title='bbox 527 1711 563 1749; x_wconf 92' lang='lat' dir='ltr'><strong>p.</strong></span> <span class='ocrx_word' id='word_1_203' title='bbox 586 1700 651 1747; x_wconf 88' lang='grc'><strong>72,</strong></span> <span class='ocrx_word' id='word_1_204' title='bbox 669 1700 691 1736; x_wconf 90' lang='grc'><strong>7</strong></span> <span class='ocrx_word' id='word_1_205' title='bbox 730 1698 931 1747; x_wconf 84' lang='lat' dir='ltr'><strong>docuerat,</strong></span> <span class='ocrx_word' id='word_1_206' title='bbox 970 1698 1069 1737; x_wconf 87' lang='lat' dir='ltr'><strong>ratio</strong></span> <span class='ocrx_word' id='word_1_207' title='bbox 1108 1696 1220 1736; x_wconf 88' lang='lat' dir='ltr'><strong>huius</strong></span> <span class='ocrx_word' id='word_1_208' title='bbox 1258 1696 1592 1746; x_wconf 87' lang='lat' dir='ltr'><strong>interpretationis</strong></span> <span class='ocrx_word' id='word_1_209' title='bbox 1628 1696 1704 1734; x_wconf 89' lang='lat' dir='ltr'><strong>iam</strong></span> <span class='ocrx_word' id='word_1_210' title='bbox 1742 1697 1871 1746; x_wconf 88' lang='lat' dir='ltr'><strong>perlu-</strong></span> 
     </span>
     <span class='ocr_line' id='line_1_24' title="bbox 380 1767 610 1815; baseline -0.004 -9"><span class='ocrx_word' id='word_1_211' title='bbox 380 1767 470 1807; x_wconf 84' lang='lat' dir='ltr'><strong>cida</strong></span> <span class='ocrx_word' id='word_1_212' title='bbox 499 1769 567 1806; x_wconf 87' lang='lat' dir='ltr'><strong>est.</strong></span> <span class='ocrx_word' id='word_1_213' title='bbox 581 1768 610 1815; x_wconf 87' lang='lat'><strong>1)</strong></span> 
     </span>
    </p>

    <p class='ocr_par' dir='ltr' id='par_1_5' title="bbox 377 1826 1871 2291">
     <span class='ocr_line' id='line_1_25' title="bbox 493 1826 1870 1884; baseline -0.001 -11"><span class='ocrx_word' id='word_1_214' title='bbox 493 1847 530 1884; x_wconf 90' lang='lat' dir='ltr'><strong>p.</strong></span> <span class='ocrx_word' id='word_1_215' title='bbox 551 1835 618 1882; x_wconf 89' lang='lat'><strong>47,</strong></span> <span class='ocrx_word' id='word_1_216' title='bbox 637 1835 804 1871; x_wconf 91' lang='lat'>10—11</span> <span class='ocrx_word' id='word_1_217' title='bbox 840 1827 1105 1874; x_wconf 76' lang='grc' dir='ltr'><strong><em>ἀποδίδοται</em></strong></span> <span class='ocrx_word' id='word_1_218' title='bbox 1136 1831 1182 1873; x_wconf 81' lang='grc' dir='ltr'><strong>δὲ</strong></span> <span class='ocrx_word' id='word_1_219' title='bbox 1212 1831 1286 1872; x_wconf 84' lang='grc' dir='ltr'><strong><em>καὶ</em></strong></span> <span class='ocrx_word' id='word_1_220' title='bbox 1319 1826 1493 1884; x_wconf 84' lang='grc' dir='ltr'><strong><em>λαμπὰς</em></strong></span> <span class='ocrx_word' id='word_1_221' title='bbox 1522 1828 1659 1884; x_wconf 77' lang='grc' dir='ltr'><strong><em>αὐτῷ,</em></strong></span> <span class='ocrx_word' id='word_1_222' title='bbox 1693 1831 1870 1883; x_wconf 85' lang='grc' dir='ltr'><strong><em>πυροῦν</em></strong></span> 
     </span>
     <span class='ocr_line' id='line_1_26' title="bbox 380 1895 1871 1954; baseline -0.003 -12"><span class='ocrx_word' id='word_1_223' title='bbox 380 1901 594 1944; x_wconf 85' lang='grc' dir='ltr'><strong><em>δοκοῦντι</em></strong></span> <span class='ocrx_word' id='word_1_224' title='bbox 622 1895 699 1950; x_wconf 85' lang='grc' dir='ltr'><strong>τὰς</strong></span> <span class='ocrx_word' id='word_1_225' title='bbox 730 1895 883 1954; x_wconf 87' lang='grc' dir='ltr'><strong><em>ψυχάς.</em></strong></span> <span class='ocrx_word' id='word_1_226' title='bbox 927 1900 1013 1940; x_wconf 90' lang='lat' dir='ltr'><strong>Hoc</strong></span> <span class='ocrx_word' id='word_1_227' title='bbox 1044 1900 1283 1939; x_wconf 88' lang='lat' dir='ltr'><strong>enuntiatum</strong></span> <span class='ocrx_word' id='word_1_228' title='bbox 1305 1899 1465 1940; x_wconf 81' lang='lat' dir='ltr'><strong>Cornuti</strong></span> <span class='ocrx_word' id='word_1_229' title='bbox 1493 1899 1579 1938; x_wconf 88' lang='lat' dir='ltr'><strong>usui</strong></span> <span class='ocrx_word' id='word_1_230' title='bbox 1599 1897 1754 1938; x_wconf 85' lang='lat' dir='ltr'><strong>dicendi</strong></span> <span class='ocrx_word' id='word_1_231' title='bbox 1771 1899 1871 1938; x_wconf 89' lang='lat' dir='ltr'><strong>bene</strong></span> 
     </span>
     <span class='ocr_line' id='line_1_27' title="bbox 377 1966 1871 2020; baseline -0.003 -10"><span class='ocrx_word' id='word_1_232' title='bbox 377 1970 605 2020; x_wconf 85' lang='lat' dir='ltr'><strong>respondet,</strong></span> <span class='ocrx_word' id='word_1_233' title='bbox 646 1970 826 2018; x_wconf 90' lang='lat' dir='ltr'><strong>quoniam</strong></span> <span class='ocrx_word' id='word_1_234' title='bbox 858 1966 1138 2016; x_wconf 78' lang='grc' dir='ltr'><strong><em>ἀποδίδοται,</em></strong></span> <span class='ocrx_word' id='word_1_235' title='bbox 1178 1968 1283 2017; x_wconf 90' lang='lat' dir='ltr'><strong>quod</strong></span> <span class='ocrx_word' id='word_1_236' title='bbox 1311 1968 1485 2016; x_wconf 86' lang='lat' dir='ltr'><strong>Langius</strong></span> <span class='ocrx_word' id='word_1_237' title='bbox 1519 1969 1625 2005; x_wconf 84' lang='lat' dir='ltr'><strong>recte</strong></span> <span class='ocrx_word' id='word_1_238' title='bbox 1654 1967 1820 2005; x_wconf 83' lang='lat' dir='ltr'><strong>restituit</strong></span> <span class='ocrx_word' id='word_1_239' title='bbox 1849 1979 1871 2006; x_wconf 90' lang='lat' dir='ltr'><strong>e</strong></span> 
     </span>
     <span class='ocr_line' id='line_1_28' title="bbox 379 2030 1870 2087; baseline -0.003 -9"><span class='ocrx_word' id='word_1_240' title='bbox 379 2039 557 2078; x_wconf 89' lang='lat' dir='ltr'><strong>codicum</strong></span> <span class='ocrx_word' id='word_1_241' title='bbox 594 2030 870 2086; x_wconf 79' lang='grc' dir='ltr'><strong><em>ἀναδίδοται,</em></strong></span> <span class='ocrx_word' id='word_1_242' title='bbox 906 2037 1022 2076; x_wconf 89' lang='lat' dir='ltr'><strong>etiam</strong></span> <span class='ocrx_word' id='word_1_243' title='bbox 1057 2049 1094 2087; x_wconf 92' lang='lat' dir='ltr'><strong>p.</strong></span> <span class='ocrx_word' id='word_1_244' title='bbox 1118 2037 1182 2085; x_wconf 91' lang='lat'><strong>17,</strong></span> <span class='ocrx_word' id='word_1_245' title='bbox 1201 2037 1250 2075; x_wconf 93' lang='lat'><strong>11</strong></span> <span class='ocrx_word' id='word_1_246' title='bbox 1281 2035 1438 2086; x_wconf 88' lang='lat' dir='ltr'><strong>legitur.</strong></span> <span class='ocrx_word' id='word_1_247' title='bbox 1494 2035 1632 2084; x_wconf 83' lang='lat' dir='ltr'><strong>Neque</strong></span> <span class='ocrx_word' id='word_1_248' title='bbox 1667 2035 1870 2074; x_wconf 86' lang='lat' dir='ltr'><strong>verborum</strong></span> 
     </span>
     <span class='ocr_line' id='line_1_29' title="bbox 378 2102 1869 2154; baseline -0.003 -10"><span class='ocrx_word' id='word_1_249' title='bbox 378 2106 613 2145; x_wconf 79' lang='lat' dir='ltr'><strong>constructio</strong></span> <span class='ocrx_word' id='word_1_250' title='bbox 643 2105 684 2143; x_wconf 89' lang='lat' dir='ltr'><strong>in</strong></span> <span class='ocrx_word' id='word_1_251' title='bbox 714 2105 973 2154; x_wconf 77' lang='lat' dir='ltr'><strong>suspicionem</strong></span> <span class='ocrx_word' id='word_1_252' title='bbox 992 2104 1124 2143; x_wconf 84' lang='lat' dir='ltr'><strong>vocari</strong></span> <span class='ocrx_word' id='word_1_253' title='bbox 1142 2106 1281 2153; x_wconf 86' lang='lat' dir='ltr'><strong>potest,</strong></span> <span class='ocrx_word' id='word_1_254' title='bbox 1311 2103 1374 2141; x_wconf 89' lang='lat' dir='ltr'><strong>cui</strong></span> <span class='ocrx_word' id='word_1_255' title='bbox 1393 2102 1530 2141; x_wconf 85' lang='lat' dir='ltr'><strong>similis</strong></span> <span class='ocrx_word' id='word_1_256' title='bbox 1550 2104 1676 2140; x_wconf 85' lang='lat' dir='ltr'><strong>exstat</strong></span> <span class='ocrx_word' id='word_1_257' title='bbox 1694 2113 1732 2151; x_wconf 92' lang='lat' dir='ltr'><strong>p.</strong></span> <span class='ocrx_word' id='word_1_258' title='bbox 1753 2103 1817 2149; x_wconf 86' lang='lat'><strong>67,</strong></span> <span class='ocrx_word' id='word_1_259' title='bbox 1833 2102 1869 2140; x_wconf 89' lang='lat'><strong>5.</strong></span> 
     </span>
     <span class='ocr_line' id='line_1_30' title="bbox 377 2170 1870 2222; baseline -0.003 -9"><span class='ocrx_word' id='word_1_260' title='bbox 377 2176 486 2213; x_wconf 87' lang='lat' dir='ltr'><strong>Bene</strong></span> <span class='ocrx_word' id='word_1_261' title='bbox 526 2176 654 2212; x_wconf 88' lang='lat' dir='ltr'><strong>autem</strong></span> <span class='ocrx_word' id='word_1_262' title='bbox 684 2172 807 2211; x_wconf 90' lang='lat' dir='ltr'><strong>oratio</strong></span> <span class='ocrx_word' id='word_1_263' title='bbox 837 2171 1034 2222; x_wconf 86' lang='lat' dir='ltr'><strong>procedit3</strong></span> <span class='ocrx_word' id='word_1_264' title='bbox 1062 2171 1256 2210; x_wconf 79' lang='lat' dir='ltr'><strong>inducitur</strong></span> <span class='ocrx_word' id='word_1_265' title='bbox 1287 2171 1387 2210; x_wconf 88' lang='lat' dir='ltr'><strong>enim</strong></span> <span class='ocrx_word' id='word_1_266' title='bbox 1418 2171 1541 2209; x_wconf 90' lang='lat' dir='ltr'><strong>Amor</strong></span> <span class='ocrx_word' id='word_1_267' title='bbox 1569 2170 1761 2219; x_wconf 86' lang='lat' dir='ltr'><strong>pinnatus,</strong></span> <span class='ocrx_word' id='word_1_268' title='bbox 1791 2172 1870 2209; x_wconf 88' lang='lat' dir='ltr'><strong>tum</strong></span> 
     </span>
     <span class='ocr_line' id='line_1_31' title="bbox 378 2238 1193 2291; baseline -0.004 -12"><span class='ocrx_word' id='word_1_269' title='bbox 378 2241 612 2291; x_wconf 83' lang='lat' dir='ltr'><strong>sagittarius,</strong></span> <span class='ocrx_word' id='word_1_270' title='bbox 643 2239 811 2288; x_wconf 88' lang='lat' dir='ltr'><strong>denique</strong></span> <span class='ocrx_word' id='word_1_271' title='bbox 840 2238 907 2277; x_wconf 83' lang='lat' dir='ltr'><strong>fax</strong></span> <span class='ocrx_word' id='word_1_272' title='bbox 936 2239 972 2278; x_wconf 86' lang='lat' dir='ltr'><strong>ei</strong></span> <span class='ocrx_word' id='word_1_273' title='bbox 1002 2239 1193 2277; x_wconf 91' lang='lat' dir='ltr'><strong>tribuitur.</strong></span> 
     </span>
    </p>

    <p class='ocr_par' dir='ltr' id='par_1_6' title="bbox 376 2298 1870 2562">
     <span class='ocr_line' id='line_1_32' title="bbox 488 2298 1869 2360; baseline 0 -14"><span class='ocrx_word' id='word_1_274' title='bbox 488 2321 525 2358; x_wconf 90' lang='lat' dir='ltr'><strong>p.</strong></span> <span class='ocrx_word' id='word_1_275' title='bbox 540 2308 604 2355; x_wconf 87' lang='lat'><strong>51,</strong></span> <span class='ocrx_word' id='word_1_276' title='bbox 618 2307 730 2345; x_wconf 84' lang='lat'><strong>2—3</strong></span> <span class='ocrx_word' id='word_1_277' title='bbox 745 2304 818 2346; x_wconf 81' lang='grc' dir='ltr'><strong><em>καὶ</em></strong></span> <span class='ocrx_word' id='word_1_278' title='bbox 834 2305 915 2347; x_wconf 80' lang='grc' dir='ltr'><strong><em>τοῦ</em></strong></span> <span class='ocrx_word' id='word_1_279' title='bbox 926 2301 1027 2353; x_wconf 86' lang='grc' dir='ltr'><strong><em>Διὸς</em></strong></span> <span class='ocrx_word' id='word_1_280' title='bbox 1043 2303 1259 2347; x_wconf 78' lang='grc' dir='ltr'><strong><em>ἐντεῦθεν</em></strong></span> <span class='ocrx_word' id='word_1_281' title='bbox 1275 2304 1475 2360; x_wconf 85' lang='grc' dir='ltr'><strong><em>σωτῆρος</em></strong></span> <span class='ocrx_word' id='word_1_282' title='bbox 1490 2298 1601 2345; x_wconf 82' lang='grc' dir='ltr'><strong><em>εἶναι</em></strong></span> <span class='ocrx_word' id='word_1_283' title='bbox 1618 2302 1869 2357; x_wconf 82' lang='grc' dir='ltr'><strong><em>λεγομένου.</em></strong></span> 
     </span>
     <span class='ocr_line' id='line_1_33' title="bbox 377 2368 1870 2419; baseline -0.001 -4"><span class='ocrx_word' id='word_1_284' title='bbox 377 2376 568 2415; x_wconf 87' lang='lat' dir='ltr'><strong>Videntur</strong></span> <span class='ocrx_word' id='word_1_285' title='bbox 586 2374 685 2413; x_wconf 86' lang='lat' dir='ltr'><strong>haec</strong></span> <span class='ocrx_word' id='word_1_286' title='bbox 706 2374 824 2413; x_wconf 84' lang='lat' dir='ltr'><strong>verba</strong></span> <span class='ocrx_word' id='word_1_287' title='bbox 840 2385 925 2413; x_wconf 90' lang='lat' dir='ltr'><strong>cum</strong></span> <span class='ocrx_word' id='word_1_288' title='bbox 947 2374 1037 2413; x_wconf 88' lang='lat' dir='ltr'><strong>stilo</strong></span> <span class='ocrx_word' id='word_1_289' title='bbox 1054 2374 1290 2414; x_wconf 86' lang='lat' dir='ltr'><strong>Cornutiano</strong></span> <span class='ocrx_word' id='word_1_290' title='bbox 1308 2373 1534 2419; x_wconf 87' lang='lat' dir='ltr'><strong>convenire;</strong></span> <span class='ocrx_word' id='word_1_291' title='bbox 1553 2384 1642 2410; x_wconf 78' lang='lat' dir='ltr'><strong>nam</strong></span> <span class='ocrx_word' id='word_1_292' title='bbox 1657 2368 1870 2414; x_wconf 77' lang='grc' dir='ltr'><strong><em>ἐντεῦθεν</em></strong></span> 
     </span>
     <span class='ocr_line' id='line_1_34' title="bbox 376 2439 1868 2494; baseline -0.002 -11"><span class='ocrx_word' id='word_1_293' title='bbox 376 2454 656 2494; x_wconf 81' lang='lat' dir='ltr'><strong>saepenumero</strong></span> <span class='ocrx_word' id='word_1_294' title='bbox 708 2442 900 2492; x_wconf 49' lang='lat' dir='ltr'><strong>genetivo*</strong></span> <span class='ocrx_word' id='word_1_295' title='bbox 938 2442 1118 2481; x_wconf 87' lang='lat' dir='ltr'><strong>absoluto</strong></span> <span class='ocrx_word' id='word_1_296' title='bbox 1163 2441 1333 2481; x_wconf 87' lang='lat' dir='ltr'><strong>additur:</strong></span> <span class='ocrx_word' id='word_1_297' title='bbox 1379 2439 1427 2480; x_wconf 86' lang='lat' dir='ltr'><strong>cf.</strong></span> <span class='ocrx_word' id='word_1_298' title='bbox 1466 2452 1504 2490; x_wconf 91' lang='lat' dir='ltr'><strong>p.</strong></span> <span class='ocrx_word' id='word_1_299' title='bbox 1528 2441 1682 2489; x_wconf 81' lang='lat'><strong>12,13.</strong></span> <span class='ocrx_word' id='word_1_300' title='bbox 1722 2441 1868 2490; x_wconf 82' lang='lat'><strong>24,10.</strong></span> 
     </span>
     <span class='ocr_line' id='line_1_35' title="bbox 377 2511 856 2562; baseline -0.006 -10"><span class='ocrx_word' id='word_1_301' title='bbox 377 2513 445 2562; x_wconf 88' lang='lat'><strong>30,</strong></span> <span class='ocrx_word' id='word_1_302' title='bbox 464 2513 527 2551; x_wconf 87' lang='lat'><strong>16.</strong></span> <span class='ocrx_word' id='word_1_303' title='bbox 558 2511 625 2560; x_wconf 91' lang='lat'><strong>44,</strong></span> <span class='ocrx_word' id='word_1_304' title='bbox 642 2512 678 2550; x_wconf 92' lang='grc'><strong>2.</strong></span> <span class='ocrx_word' id='word_1_305' title='bbox 708 2511 774 2559; x_wconf 85' lang='grc'><strong>47,</strong></span> <span class='ocrx_word' id='word_1_306' title='bbox 794 2512 856 2550; x_wconf 89' lang='lat'><strong>16.</strong></span> 
     </span>
    </p>

    <p class='ocr_par' dir='ltr' id='par_1_7' title="bbox 489 2571 1867 2634">
     <span class='ocr_line' id='line_1_36' title="bbox 489 2571 1867 2634; baseline 0.001 -16"><span class='ocrx_word' id='word_1_307' title='bbox 489 2592 527 2630; x_wconf 92' lang='lat' dir='ltr'><strong>p.</strong></span> <span class='ocrx_word' id='word_1_308' title='bbox 550 2580 615 2629; x_wconf 91' lang='grc'><strong>52,</strong></span> <span class='ocrx_word' id='word_1_309' title='bbox 633 2580 741 2618; x_wconf 86' lang='grc'><strong>7-9</strong></span> <span class='ocrx_word' id='word_1_310' title='bbox 778 2571 806 2632; x_wconf 82' lang='grc' dir='ltr'><strong><em>ἢ</em></strong></span> <span class='ocrx_word' id='word_1_311' title='bbox 839 2574 910 2620; x_wconf 84' lang='grc' dir='ltr'><strong>διὰ</strong></span> <span class='ocrx_word' id='word_1_312' title='bbox 945 2573 996 2620; x_wconf 86' lang='grc' dir='ltr'><strong><em>τὸ</em></strong></span> <span class='ocrx_word' id='word_1_313' title='bbox 1026 2574 1194 2634; x_wconf 89' lang='grc' dir='ltr'><strong><em>ταύτην</em></strong></span> <span class='ocrx_word' id='word_1_314' title='bbox 1222 2573 1316 2619; x_wconf 76' lang='grc' dir='ltr'><strong>’ὑπὸ</strong></span> <span class='ocrx_word' id='word_1_315' title='bbox 1346 2577 1424 2632; x_wconf 88' lang='grc' dir='ltr'><strong>τῆς</strong></span> <span class='ocrx_word' id='word_1_316' title='bbox 1453 2573 1628 2629; x_wconf 81' lang='grc' dir='ltr'><strong><em>φύσεως</em></strong></span> <span class='ocrx_word' id='word_1_317' title='bbox 1658 2574 1867 2620; x_wconf 80' lang='grc' dir='ltr'><strong><em>ἐσωτάτω</em></strong></span> 
     </span>
    </p>
   </div>
   <div class='ocr_carea' id='block_1_3' title="bbox 380 2681 650 2688">
    <p class='ocr_par' dir='ltr' id='par_1_8' title="bbox 380 2681 650 2688">
     <span class='ocr_line' id='line_1_37' title="bbox 380 2681 650 2688; baseline 0 441"><span class='ocrx_word' id='word_1_318' title='bbox 380 2681 650 2688; x_wconf 95' lang='lat' dir='ltr'><strong> </strong></span> 
     </span>
    </p>
   </div>
   <div class='ocr_carea' id='block_1_4' title="bbox 373 2731 1867 2828">
    <p class='ocr_par' dir='ltr' id='par_1_9' title="bbox 373 2731 1867 2828">
     <span class='ocr_line' id='line_1_38' title="bbox 454 2731 1867 2828; baseline 0.001 -58"><span class='ocrx_word' id='word_1_319' title='bbox 454 2735 518 2828; x_wconf 62' lang='lat'>¹1¹)</span> <span class='ocrx_word' id='word_1_320' title='bbox 548 2733 702 2770; x_wconf 83' lang='lat' dir='ltr'><strong>Obstant</strong></span> <span class='ocrx_word' id='word_1_321' title='bbox 731 2733 889 2770; x_wconf 84' lang='lat' dir='ltr'><strong>fortasse</strong></span> <span class='ocrx_word' id='word_1_322' title='bbox 919 2744 1013 2781; x_wconf 85' lang='lat' dir='ltr'><strong>quae</strong></span> <span class='ocrx_word' id='word_1_323' title='bbox 1036 2745 1071 2780; x_wconf 90' lang='lat' dir='ltr'><strong>p.</strong></span> <span class='ocrx_word' id='word_1_324' title='bbox 1089 2737 1176 2781; x_wconf 82' lang='lat'><strong>22,7</strong></span> <span class='ocrx_word' id='word_1_325' title='bbox 1202 2734 1382 2781; x_wconf 83' lang='lat' dir='ltr'><strong>leguntur.</strong></span> <span class='ocrx_word' id='word_1_326' title='bbox 1435 2731 1536 2776; x_wconf 79' lang='lat' dir='ltr'><strong>Quae</strong></span> <span class='ocrx_word' id='word_1_327' title='bbox 1565 2733 1677 2771; x_wconf 87' lang='lat' dir='ltr'><strong>verba</strong></span> <span class='ocrx_word' id='word_1_328' title='bbox 1706 2733 1792 2771; x_wconf 87' lang='lat' dir='ltr'><strong>vide</strong></span> <span class='ocrx_word' id='word_1_329' title='bbox 1820 2743 1867 2771; x_wconf 84' lang='lat' dir='ltr'><strong>ne</strong></span> 
     </span>
     <span class='ocr_line' id='line_1_39' title="bbox 373 2791 610 2828; baseline -0.004 0"><span class='ocrx_word' id='word_1_330' title='bbox 373 2791 465 2828; x_wconf 70' lang='lat' dir='ltr'><strong>mut·</strong></span> <span class='ocrx_word' id='word_1_331' title='bbox 481 2801 502 2828; x_wconf 87' lang='lat' dir='ltr'><strong>a</strong></span> <span class='ocrx_word' id='word_1_332' title='bbox 525 2791 610 2828; x_wconf 83' lang='lat' dir='ltr'><strong>sint.</strong></span> 
     </span>
    </p>
   </div>
  </div>
 </body>
</html>
