2096 3129
1627 201 1679 240 53

197 321 291 356 τραν
320 305 510 355 λέγουσαν
535 305 675 355 ,,μου’νη
700 305 774 356 γὰρ
797 305 906 356 ἄγειν
932 310 935 336 ¹

197 361 324 403 οὐκέτι
363 369 476 402 σωκῶ
513 363 633 412 λύπης
673 361 905 413 ἀντίρροπον

195 418 336 469 ἄχθοςῑ*
361 423 412 468 (v.
432 424 511 469 118)
521 426 545 456 1)
573 419 655 460 ἀντὶ
685 425 754 459 τοῦ
778 417 904 459 οὐκέτι
931 412 934 511 j

194 473 324 524 ἰσχύω.

305 575 430 623 Pergo
461 586 670 624 congerere
700 572 952 612 Eustathiana
982 575 1021 610 et
1049 572 1303 611 Cornutiana:

238 651 340 686 Eust.
356 661 392 695 p,
409 653 560 695 1951,10
577 650 641 695 (ad
659 662 688 684 ω
708 651 742 694 1)
767 642 899 685 Ἰστέον

192 704 232 742 δὲ
264 701 314 747 ὥς
339 703 383 743 ἐκ
409 710 487 752 τοῦ,
510 702 651 752 Ἑρμῆς
676 702 797 751 ψυχάς
821 702 897 748 ἐξε-

191 764 357 805 καλεῖτο,
391 760 457 798 τὸν
489 758 747 808 ψυχοπομπὸν
777 773 897 797 συντι-

191 815 326 860 θέντες
350 817 448 860 τινὲς
473 815 656 855 ἐπίθετον
676 813 769 854 αὐτὸ
788 813 897 853 εἶπον

183 869 332 922 Ἑρμοῦ,
355 871 434 911 τόδ’
450 870 554 911 ἔστιν
571 869 695 916 ἄλλως
709 869 796 921 ἕχον
811 869 895 909 κατ’

189 928 430 978 ἄλληγορίαν,
463 926 521 968 ὅτι
554 929 689 977 δηλαδὴ
727 927 747 966 ὃ
779 928 895 977 λόγος

189 981 386 1033 ἀναψυχὴν
416 984 554 1032 πέμπει
584 992 662 1030 τοῖς
687 985 727 1022 ἐν
750 991 894 1033 μετοχῇ

188 1037 306 1080 αὐτοῦ
331 1072 338 1079 .
356 1072 364 1080 .
382 1072 390 1080 .
417 1042 625 1091 Κυλλήνιος
648 1042 688 1081 δὲ
710 1039 841 1091 Ἑρμῆς
857 1057 892 1079 κ.

187 1110 218 1133 τ.
229 1100 259 1134 λ.
273 1100 492 1136 nominatum
505 1101 633 1136 citatur
644 1101 893 1146 Apollodorus

187 1172 233 1187 =
254 1156 297 1192 fr.
322 1159 361 1193 31
382 1157 428 1193 M.
452 1156 514 1202 (of.
539 1157 747 1194 Hefermehl
768 1168 803 1203 p.
821 1158 892 1203 28).

230 1224 265 1258 p.
286 1215 383 1258 1809,
397 1216 438 1249 32
462 1214 525 1259 (ad
541 1216 678 1259 ⁷:470:
703 1212 737 1249 οὶ
763 1213 801 1250 δέ
822 1227 891 1260 φα-

186 1281 246 1304 σιν
292 1262 349 1304 ὅτι
381 1264 562 1316 Ἕρμαιος
607 1268 726 1317 λόφος
765 1267 890 1318 σωρός

184 1323 305 1360 λίθων
341 1323 442 1361 ἐστὶν
478 1324 622 1369 ἐνόδιος
652 1324 675 1372 ἢ
705 1325 836 1373 βωμὸς
865 1325 889 1373 ἢ

183 1378 302 1427 λόφος
351 1376 601 1427 ὑποκείμενος
642 1379 778 1430 Ἑρμοῦ
826 1380 887 1420 άν-

181 1433 321 1483 δράντι.
384 1435 490 1474 ἄλλοι
536 1438 576 1476 δὲ
621 1444 777 1476 νοοῦσιν
813 1439 887 1487 Ἑρ-

181 1491 317 1536 μαίους
370 1497 506 1536 κοινῶς
558 1493 702 1541 λόφους
751 1502 886 1542 σημεῖα

182 1544 283 1584 ὁδῶν
313 1546 412 1585 κατά
436 1550 559 1596 ποσιξν
583 1564 666 1587 τινα
691 1549 888 1588 διάστασιν

181 1607 390 1650 μιλιασμοῦ
430 1605 545 1653 τυχὸν
579 1604 604 1654 ἦ
642 1611 886 1654 σταδιασμοῦ.

175 1658 309 1709 Ἑρμῆς
347 1660 440 1710 γάρ,
487 1676 596 1710 φασι,
638 1668 791 1711 πρῶτος
825 1660 887 1702 οἶα

179 1722 300 1765 κῆρυξ
322 1719 388 1756 καὶ
411 1717 607 1768 διάκτορος
628 1718 803 1768 καθήρας
819 1721 886 1765 τὰς

180 1770 308 1818 ὁδους,
335 1771 373 1812 εἴ
391 1788 466 1813 που
490 1775 623 1819 λίθους
649 1773 770 1825 εὗρεν,
796 1776 885 1816 α’πε-
912 1796 915 1812 1

180 1831 281 1868 τίθει
311 1827 385 1875 ἔξω
416 1829 520 1870 ὁδοῦ.
565 1829 664 1870 ὅθεν
694 1833 782 1878 τοὺς
812 1849 885 1872 τοι-

178 1886 270 1924 οῦτό
301 1901 335 1924 τι
365 1894 570 1934 ποιοῦντας
593 1893 656 1928 καὶ
681 1890 747 1935 τὰς
775 1888 885 1936 ὁδοὺς

177 1948 233 1992 τῷ
260 1941 375 1992 Ἑρμῆ
408 1942 459 1989 ὡς
487 1946 677 1997 διακτόρῳ
703 1945 883 1985 ἐκκαθαί-
911 1963 913 1967 ’

911 2003 913 2038 ξ
951 1996 1189 2045 προφορικόν
1214 1998 1342 2045 λόγον.

177 2013 313 2047 ροντας
335 2000 388 2045 εἰς
410 1997 522 2049 τιμήν
541 1999 678 2051 Ἑρμοῦ
703 2002 791 2048 τοὺς
808 2009 884 2043 τῶν

176 2056 361 2095 τοιούτων
396 2060 518 2096 λίθων
552 2059 699 2107 σωροὺς
718 2058 882 2108 (Ἐρμαια

175 2109 199 2159 ἢ
217 2108 413 2161 Ἑρμαίους
436 2113 580 2162 λόφους
604 2119 743 2154 καλεῖν.
783 2118 881 2162 τινὲς

175 2166 215 2206 δέ
247 2183 375 2216 φασιν,
417 2168 556 2218 Ἑρμοῦ
587 2178 654 2209 τοῦ
688 2172 741 2217 εἰς
764 2171 881 2221 λόγον
909 2199 910 2211 ι

175 2219 508 2274 άλληγορουμὲνου
548 2227 744 2276 σύμβολον
783 2227 879 2269 εἶναι

174 2280 218 2318 τὸ
248 2287 426 2320 τοιοῦτον
456 2280 582 2331 ἔργον.
627 2281 679 2328 ῶς
708 2284 783 2333 γάρ
809 2300 879 2324 σω-

173 2336 240 2385 ρὸς
270 2338 391 2375 λίθων
425 2338 468 2376 ἐκ
495 2345 647 2389 μικρῶν
678 2342 731 2386 εἰς
758 2343 879 2391 μέγαν

173 2392 355 2442 ὀγκοῦται
379 2395 561 2441 κολωνόν,
594 2393 694 2436 οὕτω
718 2401 781 2437 καὶ
799 2396 879 2449 Ἑρ·
907 2433 908 2437 ,

171 2456 246 2499 μῆς
280 2451 396 2499 λόγος
430 2450 625 2501 ἀποτάδην
660 2459 879 2500 διεξοδικῶς

173 2506 217 2545 ἐκ
242 2507 490 2557 βραχυτάτων
520 2511 720 2559 στοιχείων
749 2526 791 2550 τε
815 2516 877 2550 καὶ

171 2567 373 2614 συλλαβῶν
400 2568 465 2603 καὶ
489 2564 632 2611 λέξεων
666 2580 877 2618 συσσωρευ-
905 2620 908 2626 ⁴

169 2619 309 2666 ὁμενος
333 2621 387 2666 εἰς
409 2620 506 2661 πολὺ
531 2628 815 2673 κορυφοῦταιβ)

284 2715 312 2760 1)
337 2715 394 2752 ef.
416 2715 559 2761 Raiba,
583 2716 765 2763 Soph.E1.
789 2729 824 2765 p,
842 2722 896 2756 ss,

1013 648 1117 684 Corn.
1146 659 1182 694 p.
1200 651 1303 693 228:
1341 646 1596 695 ψυχοπομπόν
1634 649 1672 687 δὲ

967 702 1034 739 τὸν
1050 700 1187 751 Ἑρμῆν
1212 702 1430 749 ἐμύθευσαν
1454 700 1551 741 εἶναι
1584 719 1673 751 συμ-

964 758 1183 807 βάλλοντες,
1208 755 1307 807 ἶίπερ
1329 757 1426 797 ἴδιον
1442 757 1561 798 αὐτοῦ
1579 759 1672 805 ἐστι,

964 814 1010 852 τό
1042 821 1307 862 ψυχαγωγεῖν·
1342 844 1376 852 ..
1395 844 1403 853 .
1436 817 1500 854 καὶ
1531 830 1673 865 παρορ-

962 875 1039 918 μᾶν
1063 870 1137 919 γὰρ
1162 871 1300 918 ῥαδίως
1317 871 1404 916 τοὺς
1419 871 1673 920 παρειμένους

962 931 1024 966 καὶ
1053 925 1323 966 καταστέλλειν
1353 927 1441 973 τούς
1471 929 1671 979 παρωρμέ-

962 998 1049 1028 νους
1072 983 1231 1027 δυνατός
1257 984 1369 1021 ἐστιν.

1003 1212 1106 1249 Corn.
1131 1224 1166 1258 p.
1184 1216 1237 1258 24,
1256 1216 1314 1248 11:
1346 1211 1667 1260 προσσωρεύουσι

957 1266 998 1305 δὲ
1031 1264 1117 1310 τούς
1147 1268 1281 1312 λίθους
1308 1273 1387 1312 τοῖς
1407 1265 1559 1316 Ἑρμαῖς
1582 1267 1667 1307 ἑκά-

956 1336 1048 1360 στου
1057 1328 1134 1360 τῶν
1142 1324 1359 1371 παριόντων
1368 1321 1436 1362 ἕνα
1445 1324 1529 1362 τινὰ
1537 1323 1667 1369 αὐτοῖς

955 1377 1237 1426 προστιθέντος
1256 1377 1340 1427 ἤτοι
1362 1377 1414 1423 ὡς
1426 1379 1618 1429 χρήσιμόν
1630 1395 1665 1418 τι

957 1433 1001 1471 τό
1031 1435 1123 1482 παρ’
1146 1431 1263 1473 αὑτόν
1294 1434 1461 1474 ἑκάστου
1490 1440 1555 1474 καὶ
1585 1452 1665 1475 κοι-

956 1489 1119 1527 νωνικόν
1159 1496 1361 1535 ποιοῦντος
1395 1492 1455 1528 διὰ
1495 1499 1562 1530 τοῦ
1601 1507 1664 1530 κα-

956 1548 1107 1595 θαίρειν
1146 1545 1213 1583 τὸν
1245 1544 1335 1585 ὁδὸν
1368 1545 1446 1585 εἴτε
1477 1562 1665 1597 μαρτυρο·

955 1602 1183 1648 ποιουμένου
1222 1602 1290 1640 τὸν
1329 1600 1465 1652 Ἑρμῆν
1504 1601 1581 1642 εἴτε
1614 1603 1665 1649 ὥς

955 1656 1298 1706 ἐπισημαινομένου
1338 1659 1406 1708 τὴν
1449 1661 1503 1705 εἰς
1546 1658 1664 1699 αὐτόν

956 1714 1076 1763 τιμὴν,
1109 1714 1160 1760 ὥς
1182 1717 1300 1763 μηδὲν
1325 1714 1418 1754 ἄλλο
1443 1715 1521 1765 ἔχει
1546 1732 1662 1766 προσ-

955 1779 1129 1818 ενεγκεῖν
1153 1771 1268 1822 αὖτῴ,
1303 1770 1380 1811 εἴτε
1409 1771 1662 1823 ἐκδηλότερον

952 1834 1032 1871 τοῖς
1062 1834 1242 1877 παριοῦσι
1276 1828 1318 1867 τὸ
1354 1825 1547 1878 ἀφίδρυμα
1579 1845 1661 1868 ποι-

951 1889 1085 1929 οῦντος
1119 1880 1195 1923 εἴτε
1231 1885 1328 1934 πρὸς
1364 1885 1559 1935 σύμβολον
1590 1893 1659 1925 τοῦ

953 1938 996 1978 ἐκ
1020 1946 1170 1989 μικρῶν
1192 1948 1321 1988 μερῶν
1346 1942 1565 1981 συνιστάναι
1590 1943 1659 1980 τὸν

279 2773 310 2817 ²)
334 2772 388 2808 Cf.
405 2772 451 2808 de
463 2773 598 2818 Visser,
615 2774 684 2809 Die
699 2774 799 2810 nieht
813 2777 1228 2824 menschengesssaltigen
1240 2779 1369 2815 (ἄδετοι-
1386 2779 1449 2814 der
1463 2780 1640 2817 Griechen

167 2838 202 2873 p.
222 2830 286 2864 102
298 2838 378 2875 sqq.
