2096 3129
1606 214 1658 252 67

375 325 471 367 ἀλλ’
498 319 611 367 εὐθύ
641 323 817 374 πόλεως
847 321 958 380 εἶμι·
989 326 1127 367 θῦσαι
1157 322 1242 379 γάρ
1271 339 1323 379 με
1354 324 1420 366 δεῖ

376 390 507 448 κριὸν
534 388 641 447 χλόῃ
671 390 863 449 Δήμητρι
891 393 953 445 (fr.
973 394 1047 433 VII
1075 393 1285 444 Meiueke).

174 481 286 527 ἔνθα
317 483 529 539 δηλοῦται
561 476 632 526 ὅτι
661 482 736 525 καὶ
765 481 889 538 κριὸς
917 479 1079 539 θήλεια
1107 483 1161 537 τῇ
1191 483 1286 538 θεῷ
1314 479 1455 536 ταύτῃ
1485 480 1659 533 θύεται,

171 546 294 594 οὕτω
324 549 370 593 δὲ
400 551 576 605 τιμᾶται
604 548 692 606 (ἐκ)
719 551 798 605 τῆς
827 546 940 593 κατὰ
969 549 1066 592 τῶν
1093 547 1252 607 κήπων
1268 546 1465 606 χλόης·ῑ)
1494 547 1659 593 θύουσί

172 634 221 661 τε
264 620 579 674 Θαργηλιῶνος
620 614 736 672 ἕκτῃ.
796 619 868 670 (Cf.
898 619 1020 659 schol.
1050 618 1249 669 Aristoph.
1284 619 1374 668 Lys.
1404 632 1440 658 v.
1460 620 1555 667 835,
1596 615 1685 658 ubi‘

173 687 433 727 Philochorus
482 689 637 736 citatur,
690 700 803 737 quem
852 687 1140 738 Apollodorum
1194 690 1390 726 auctorem
1439 688 1660 727 adhibuisse

176 756 355 806 constat).

287 835 495 884 Reliquum
524 837 598 879 est,
642 838 684 873 ut
723 837 867 883 cetera,
908 847 1007 884 quae
1040 834 1249 885 perspicua
1278 837 1382 882 sunt,
1421 834 1661 884 Apollodori

174 902 372 942 doctrinae
410 903 576 951 vestigia
615 903 810 951 colligam.
867 903 914 940 In
933 903 1074 940 Vestae
1103 903 1143 940 vi
1178 905 1216 940 et
1249 903 1405 939 notione
1442 901 1661 940 definienda

173 969 272 1009 duae
309 969 480 1009 rationes
519 968 817 1018 confunduntur,
856 981 1017 1019 quarum
1057 969 1182 1009 altera
1219 973 1346 1008 terrae
1376 970 1659 1019 aequsperatur,

173 1039 299 1076 altera
342 1038 377 1075 ei
419 1037 520 1085 ignis
564 1037 694 1075 vitalis
737 1040 776 1075 et
818 1037 1073 1086 sempiternus
1116 1037 1311 1084 tribuitur;
1360 1048 1486 1086 neque
1529 1040 1659 1075 tamen

172 1104 317 1145 accedo
347 1105 602 1153 coniecturae,
631 1116 746 1154 quam
775 1105 948 1144 Preuner
976 1104 1128 1156 (Hestia
1157 1104 1262 1155 apud
1286 1104 1426 1144 Rosch.
1454 1105 1503 1144 M.
1522 1105 1566 1144 L.
1586 1105 1658 1154 12,

175 1173 272 1223 645)
302 1173 480 1224 protulit,
516 1173 584 1223 qui
612 1174 870 1212 Romanorum
901 1173 1014 1223 deae,
1051 1185 1151 1223 quae
1171 1173 1291 1212 Vesta
1319 1174 1547 1221 nominatur,
1578 1174 1656 1212 vim

172 1254 195 1280 a
225 1242 395 1281 Cornuto
433 1242 611 1280 similiter
651 1244 767 1291 atque
803 1254 827 1279 a
855 1241 1011 1292 Porphy
1014 1242 1072 1280 rio
1102 1240 1310 1290 significari
1340 1242 1556 1291 suspicatur
1584 1241 1655 1292 (cf.

172 1308 315 1358 Porph.
346 1308 449 1358 apud
480 1309 618 1347 Euseb.
637 1309 695 1346 III
719 1309 780 1356 11,
798 1310 821 1346 7
853 1306 927 1348 καὶ
956 1304 1008 1348 τὸ
1037 1306 1118 1361 μὲν
1146 1305 1412 1363 ἡγεμονικον
1440 1308 1521 1358 τῆς
1549 1309 1656 1360 χθο-

174 1373 268 1423 νίας
308 1369 534 1428 δυνάμεως
559 1366 707 1415 Ἑστία
736 1373 961 1429 κέκληται,
999 1366 1049 1430 ἧς
1078 1370 1251 1428 ἄγαλμα
1280 1372 1560 1428 παρθενικὸν
1591 1370 1659 1427 ἐφ

172 1438 315 1491 ἑστίας
348 1438 489 1496 πυρὸς
524 1439 791 1494 ιδρυμένον);
829 1444 944 1481 immo
974 1455 1044 1492 pro
1075 1446 1180 1481 certo
1210 1442 1335 1480 habeo
1368 1443 1463 1481 duas
1492 1443 1659 1481 numinis

172 1511 349 1549 notiones
368 1511 444 1549 iam
464 1511 504 1548 in
524 1510 629 1549 fonte
651 1522 727 1549 non
750 1510 958 1559 diligenter
982 1510 1098 1549 fuisse
1118 1509 1320 1549 discretas:
1351 1510 1391 1548 id
1411 1513 1454 1548 ut
1472 1512 1659 1559 putemus,

173 1577 310 1616 suadet
345 1578 461 1616 etiam
497 1577 715 1626 Hesychius
745 1589 775 1615 s.
795 1590 830 1615 v,
856 1568 1004 1618 Ἑστία
1022 1588 1031 1596 ·
1060 1577 1152 1629 πῦρ
1170 1587 1178 1596 ·
1209 1575 1284 1617 καὶ
1314 1576 1380 1630 γῆ.
1428 1576 1502 1617 καὶ
1537 1574 1657 1625 θεός.

172 1646 232 1684 De
271 1645 512 1695 Triptolemo
552 1647 678 1683 autem
719 1645 908 1684 Cornutus
947 1645 1064 1683 simili
1101 1645 1251 1683 ratione
1290 1656 1380 1683 usus
1423 1646 1503 1694 agit
1542 1648 1658 1694 atque

172 1711 430 1751 Philochorus
458 1711 519 1762 (fr.
541 1713 594 1750 28
610 1712 676 1760 Μ).
733 1712 848 1750 Hunc
883 1713 1000 1761 igitur
1028 1711 1313 1761 Apollodorus,
1353 1715 1395 1749 ut
1429 1713 1545 1760 alias,
1583 1712 1658 1750 hac

173 1791 326 1829 quoque
365 1779 414 1818 de
451 1791 494 1819 re
532 1779 685 1818 videtur
724 1783 878 1818 secutus
918 1791 1014 1818 esse.
1073 1780 1168 1819 Cum
1203 1780 1369 1818 nominis
1393 1778 1591 1820 Ἐλε-υσίν
1619 1784 1659 1818 et

173 1847 323 1886 Cereris
361 1847 600 1897 cognominis
637 1839 894 1896 Ἑλευσινία,
933 1858 1032 1896 quae
1071 1846 1242 1885 indidem
1282 1846 1518 1894 derivantur,
1557 1847 1657 1885 veri-

172 1914 315 1963 loquiis
367 1914 546 1952 similium
601 1914 795 1951 nominum
843 1910 1079 1953 Εἰλείθυια
1133 1913 1215 1951 sive
1265 1905 1463 1953 Ἑλευθαί
1510 1914 1656 1951 notatio

172 1993 209 2030 p.
231 1982 432 2030 73,7sqq.
467 1981 643 2030 exposita
678 1980 939 2030 comparanda
975 1983 1035 2018 est
1072 1980 1137 2029 (cf.
1157 1992 1195 2029 p.
1217 1980 1321 2027 73,9
1359 1974 1416 2031 ἢν
1452 1973 1658 2032 εὔχονται

173 2045 323 2088 ἐλθεῖν
365 2071 421 2076 -
468 2060 504 2098 p.
530 2047 668 2096 54,10
717 2041 956 2088 Ἐλευσινὶα
1000 2039 1089 2087 ἀπὸ
1133 2046 1212 2100 τῆς
1262 2042 1423 2087 αὐτόθι
1473 2047 1657 2099 πρῶτον

171 2109 382 2163 ἐλεύσεως
420 2112 653 2168 γενομένης
687 2120 781 2162 τοῖς
810 2107 1069 2166 ἀνθρώποις
1098 2111 1158 2162 εἰς
1188 2110 1483 2165 ἀνθρώπινον
1514 2108 1658 2161 ὄντως

173 2179 340 2230 βίον).2)
390 2183 453 2221 -Et
490 2183 633 2233 optime
672 2182 836 2231 quadrat
870 2182 944 2220 illa
982 2181 1221 2231 cognominis
1256 2172 1498 2221 Ἑλευσινία
1539 2182 1657 2220 inter-

172 2251 336 2298 pretatio
380 2251 430 2289 ad
473 2263 557 2289 eam
600 2251 804 2298 rationem,
849 2261 924 2300 qua
959 2249 1147 2288 Cornutus
1187 2262 1225 2300 p.
1253 2250 1305 2288 56
1347 2250 1513 2298 Cereris,
1557 2262 1656 2299 quae

172 2315 440 2371 θεσμοθέτις
474 2320 776 2369 cognominatur,
814 2319 1009 2357 notionem
1044 2319 1214 2369 exponit.
1272 2319 1525 2367 Insequentes
1554 2319 1654 2357 alle—

173 2386 304 2434 goriae
343 2387 493 2426 Cereris
538 2387 642 2425 filiae
681 2399 705 2425 a
739 2387 906 2425 Plutone
950 2389 1086 2437 raptae
1131 2387 1388 2436 similiumque
1426 2385 1656 2434 fabularum,

174 2464 258 2491 cum
298 2458 486 2504 congruat
519 2455 773 2504 Porphyrius,
812 2467 835 2492 a
872 2454 1124 2493 Reinhardtio
1162 2457 1267 2493 recte
1297 2453 1543 2503 Apollodoro
1573 2455 1657 2490 vin-

287 2599 317 2640 1)
340 2598 394 2633 Cf.
417 2599 567 2642 Usener,
592 2598 848 2634 Giitternamen
872 2609 907 2642 p.
925 2601 1008 2633 242:
1042 2598 1117 2633 Das
1141 2597 1384 2642 aufspriessen
1408 2596 1473 2631 der
1495 2599 1573 2631 saat
1595 2596 1657 2631 be-

173 2656 275 2699 sorgt
297 2653 470 2691 Demeter
492 2651 600 2700 Χλόη
626 2650 775 2701 Εὔχλόη
801 2654 869 2690 wie
892 2653 952 2690 lat.
977 2654 1140 2701 Segesta.

285 2723 314 2766 ²)
347 2723 402 2758 cf.
434 2723 618 2758 Herodian
642 2723 677 2758 II
708 2735 744 2767 p.
768 2727 832 2758 499
847 2724 885 2757 L.
948 2723 1052 2758 Eust.
1081 2734 1117 2767 p.
1143 2725 1218 2767 843,
1240 2725 1282 2757 59
1295 2732 1374 2766 sqq.
1404 2721 1472 2764 (ad
1503 2723 1537 2754 A
1565 2722 1656 2763 271).

174 2775 355 2824 Toepffer,
379 2779 549 2816 Attische
566 2779 788 2826 Genealogie
811 2790 848 2826 p.
866 2782 941 2816 221.
981 2779 1142 2825 Rutgers
1166 2789 1236 2815 van
1261 2778 1325 2814 der
1346 2777 1458 2823 Loeff,
1483 2777 1538 2813 De
1562 2776 1659 2814 ludis

174 2833 379 2881 Eleusiniis,
404 2836 545 2873 dissert.
571 2837 739 2882 Lugduni
764 2837 842 2873 Bat.
862 2839 960 2880 1903,
983 2848 1019 2881 p.
1037 2840 1079 2871 34
1092 2846 1171 2880 sqq.

1410 2902 1452 2936 5*
