2096 3129
366 160 421 198 70

366 267 390 312 ὁ
434 268 481 311 δὲ
526 268 815 323 προκειμένος
856 266 1044 322 φυσικός
1060 281 1069 290 ·
1132 268 1412 324 θεσμοφορία
1452 271 1653 311 καλεῖται
1691 266 1856 311 καθότι

365 333 651 391 θεσμοφόρος
690 334 717 393 ἡ
747 334 953 393 Δημήτηρ
993 333 1355 391 κατονομάζεται,
1392 339 1567 379 τιθεῖσα
1595 335 1738 387 νόμον
1758 331 1857 392 ἤτοι

366 400 537 457 θεσμὸν
566 403 673 446 καθ’
701 397 781 453 οὓς
810 402 893 460 τὴν
920 403 1095 461 τροφὴν
1124 404 1390 458 πορίζεσθαι
1417 404 1490 445 καὶ
1511 402 1857 459 κατεργάζεσθαι

365 468 643 526 ἀνθρώπους
682 471 800 514 δέον.
859 473 996 513 Rohde
1026 475 1053 514 l.
1074 475 1100 512 1.
1129 473 1243 513 huius
1281 473 1420 513 scholii
1458 473 1602 512 fontem
1640 473 1855 523 proximum

366 540 575 589 Didymum
606 552 691 579 esse
719 540 885 579 fortasse
914 543 1021 580 recte
1048 542 1231 588 coniecit;
1260 541 1330 580 sed
1350 541 1382 579 si
1400 540 1451 579 ad
1470 540 1616 579 fontem
1635 541 1856 591 primarium

365 608 576 648 ascendere
613 609 807 655 volumus,
848 609 980 647 nescio
1016 621 1065 646 an
1095 608 1334 658 Apollodori
1361 608 1482 647 libros
1512 607 1857 658 deprehendamus.

364 677 465 716 Nam
506 675 725 726 gravissimi
764 676 947 715 momenti
986 678 1045 715 est
1081 675 1217 715 eodem
1248 689 1297 715 ex
1326 676 1431 716 fonte
1460 678 1577 727 atque
1606 675 1856 715 scholiastam

365 744 604 783 Clementem
642 744 759 782 Alex.
790 744 931 792 (Protr.
960 745 998 782 ΙΙ
1017 744 1083 793 17)
1114 744 1305 791 hausisse,
1340 744 1381 782 id
1418 744 1522 793 quod
1550 743 1687 783 Rohde
1717 755 1858 793 magna

365 824 451 851 cum
489 812 703 861 sagacitate
742 812 952 862 perspexit.
1011 811 1086 858 Qui
1124 824 1208 851 cum
1245 812 1336 851 aliis
1370 813 1468 851 locis
1498 812 1555 862 (ut
1583 810 1710 852 Protr.
1729 812 1768 850 H
1787 811 1857 861 29)

364 882 444 918 tum
474 880 640 918 maxime
668 879 743 918 hac
771 880 813 917 in
843 879 1102 929 disputatione
1133 879 1181 918 de
1209 891 1450 929 paganorum
1480 880 1673 928 mysteriis
1691 879 1858 928 Apollo-

366 946 502 986 dorum
532 947 642 996 sequi
670 946 834 995 videtur,
865 958 950 986 cum
980 934 1208 998 praesertim
1238 959 1325 986 eum
1353 947 1393 985 in
1421 946 1613 986 vocabulo
1643 941 1858 1002 μυστήρια

368 1014 584 1054 derivando
614 1017 653 1053 et
683 1014 920 1064 explicando
951 1015 1054 1054 citet.
1066 1015 1095 1065 ¹)

479 1083 632 1130 Restat,
670 1085 713 1121 ut
748 1093 863 1131 quam
894 1082 1084 1122 Cornutus
1113 1081 1222 1121 addit
1251 1082 1358 1121 vocis
1386 1076 1600 1137 μυστήρια
1630 1084 1668 1121 et
1697 1080 1858 1130 Cereris,

367 1161 466 1200 quae
486 1147 634 1191 Μυσία
655 1150 960 1200 cognominatur,
991 1151 1301 1200 explicationem,
1321 1150 1493 1189 breviter
1510 1152 1677 1200 tangam.
1720 1148 1859 1188 Hefer-

369 1217 476 1256 mehl
504 1230 543 1268 p.
565 1218 630 1266 28,
661 1217 750 1256 adn.
772 1219 796 1256 6
836 1217 887 1256 ad
925 1217 1027 1256 illud
1056 1217 1293 1268 Apollodori
1321 1217 1578 1268 fragmentum
1607 1230 1631 1256 a
1660 1218 1858 1257 Clemente

367 1288 563 1325 servatum
592 1289 697 1325 recte
727 1285 826 1324 haec
856 1285 1079 1325 adnotavit:
1118 1286 1244 1324 voluit
1270 1287 1393 1335 iyitur
1419 1281 1638 1339 μυθήρια.·
1671 1281 1859 1340 μυσήρια

366 1351 442 1394 καὶ
481 1351 748 1407 πλεονασμῷ
786 1352 872 1394 τοῦ
900 1366 927 1393 τ
955 1348 1189 1408 μυστήρια;
1228 1353 1303 1392 hac
1339 1352 1420 1392 fere
1456 1354 1605 1392 ratione
1641 1364 1732 1392 usus
1767 1353 1857 1393 Cor-

365 1424 481 1460 nutus
520 1422 630 1460 vocis
668 1416 884 1475 μυστήρια
924 1424 963 1460 et
1002 1421 1154 1460 Cereris
1194 1421 1434 1471 cognominis
1474 1419 1625 1462 Μυσία
1662 1421 1858 1459 notionem

366 1489 657 1539 interpretatur:
697 1489 827 1538 itaque
863 1488 926 1528 hic
967 1500 1121 1539 quoque
1161 1489 1211 1528 ab
1251 1500 1297 1528 eo
1333 1488 1630 1540 Apollodoreae
1660 1489 1859 1528 doctrinae

367 1556 543 1594 umbram
574 1557 769 1605 quandam
801 1560 994 1595 servatam
1023 1569 1110 1595 esse
1140 1558 1333 1606 censeo.²)

479 1624 704 1674 Insequenti
734 1625 862 1675 capite
881 1624 1041 1664 Themis
1071 1627 1110 1663 et
1138 1624 1287 1673 Horae,
1317 1625 1399 1664 eius
1429 1629 1469 1664 et
1497 1624 1601 1663 Iovis
1630 1623 1744 1673 filiae,
1772 1636 1860 1675 per-

369 1692 620 1743 stringuntur,
649 1704 809 1742 quarum
840 1693 997 1731 nomina
1027 1692 1260 1731 derivantur.
1311 1692 1419 1739 Quae
1448 1694 1668 1743 veriloquia
1693 1693 1859 1743 Apollo-

367 1760 463 1799 doro
493 1760 628 1799 deberi
657 1772 727 1810 pro
758 1763 865 1800 certo
894 1761 1051 1811 probari
1079 1773 1158 1799 non
1176 1763 1315 1810 potest,
1345 1763 1384 1800 et
1409 1764 1451 1799 ut
1470 1760 1533 1799 hic
1553 1761 1662 1800 illius
1683 1761 1860 1800 doctrina

367 1828 504 1875 lateat,
535 1828 655 1867 valde
684 1841 708 1867 a
738 1829 908 1868 Cornuto
935 1829 1084 1867 minuta
1113 1832 1152 1868 et
1182 1831 1380 1868 attenuata
1409 1832 1477 1869 est.
1487 1829 1519 1879 ³)

481 1896 701 1946 Disputatio
751 1899 876 1935 autem
927 1896 977 1935 de
1026 1897 1166 1936 Libero
1217 1900 1330 1946 patre
1379 1896 1532 1935 videtur
1575 1896 1859 1947 Apollodoreis

367 1966 528 2003 scatere.
578 1964 656 2003 Sed
685 1976 772 2004 cum
800 1964 1010 2004 Cornutum
1041 1966 1262 2015 complures
1292 1964 1418 2003 adisse
1447 1964 1574 2004 fontes
1605 1969 1653 2013 et,
1684 1977 1784 2014 quae
1812 1965 1860 2004 iis

368 2031 641 2081 desumpserit,
687 2033 915 2081 plerumque
965 2032 1186 2072 confudisse
1231 2035 1271 2071 et
1310 2027 1593 2071 commiscuisse
1635 2044 1859 2082 persuasum

367 2098 551 2147 habeam,
601 2098 765 2138 difficile
815 2102 873 2138 est
917 2100 1142 2148 enucleatu,
1186 2099 1278 2150 quid
1322 2099 1571 2150 Apollodoro
1614 2099 1860 2139 tribuendum

368 2165 540 2215 quidque
571 2166 607 2204 ei
636 2166 937 2206 abiudicandum
967 2167 1028 2205 sit.

482 2275 511 2319 ¹)
534 2274 741 2320 Scriptores
765 2275 981 2311 christianos
1005 2275 1205 2312 doctrinam
1231 2285 1321 2321 eam,
1347 2285 1453 2322 quam
1476 2276 1574 2322 apud
1598 2286 1662 2312 eos
1686 2276 1734 2312 de
1749 2286 1861 2322 paga-

367 2342 494 2368 norum
518 2331 598 2368 deis
622 2334 660 2368 et
682 2332 793 2368 sacris
815 2332 1029 2379 invenimus,
1052 2343 1218 2379 magnam
1239 2336 1379 2378 partem
1402 2332 1631 2378 Apollodoro
1657 2333 1792 2370 debere
1816 2354 1860 2359 —

367 2388 447 2424 aliis
470 2389 680 2425 auctoribus
704 2389 1012 2426 intercedentibus
1036 2410 1079 2415 —
1103 2390 1214 2426 docet
1237 2389 1425 2434 Geffcken‚
1450 2390 1547 2426 Zwei
1570 2390 1705 2427 christl.
1722 2390 1860 2436 Apolo-

367 2448 478 2489 geten
491 2456 527 2490 p.
544 2445 665 2490 XVII,
678 2456 714 2490 p.
732 2448 794 2481 160
808 2455 863 2491 sq.
895 2443 949 2482 Cf.
968 2446 1076 2482 etiam
1092 2446 1245 2491 Zucker,
1262 2445 1404 2492 Spuren
1420 2457 1493 2482 von
1508 2446 1682 2492 Apollod.
1700 2458 1738 2482 π.
1756 2448 1861 2482 θεῶν

366 2502 427 2537 bei
451 2501 587 2537 christl.
612 2501 791 2538 Schriftst.
819 2506 933 2538 1.—5.
950 2502 1009 2538 Jh.
1046 2502 1181 2539 Nilrnb.
1202 2505 1301 2539 1905.

482 2560 512 2600 ²)
537 2557 591 2593 cf.
615 2558 770 2594 nominis
795 2556 901 2603 Κόρη
927 2558 1187 2603 etymologiam
1210 2570 1245 2603 p.
1264 2562 1317 2602 52,
1335 2561 1375 2593 19
1388 2569 1441 2603 sq.

481 2614 510 2659 ⁸)
535 2613 587 2649 Cf.
613 2614 673 2649 Et.
688 2614 734 2650 M.
758 2624 794 2659 p.
812 2616 888 2659 275,
902 2617 945 2649 52
970 2613 1079 2659 Δίκης
1110 2609 1131 2659 ἡ
1159 2612 1274 2656 θεός·
1300 2610 1405 2660 παρά
1437 2611 1480 2650 τὸ
1507 2609 1673 2660 διχοὲζειν
1696 2615 1761 2650 καὶ
1786 2616 1861 2651 δια-

371 2667 475 2705 λύειν
499 2667 588 2712 τούς
612 2672 927 2715 φιλονεικοῦντας
949 2672 1014 2705 καὶ
1039 2670 1318 2714 δικαζομένους,
1344 2669 1423 2715 δίχη
1449 2672 1514 2707 καὶ
1539 2670 1632 2716 δίκη.
1658 2682 1694 2716 p.
1711 2674 1860 2716 303,38:

369 2722 531 2770 Εἰρήνης
557 2753 565 2760 .
584 2753 591 2760 .
611 2753 618 2760 .
643 2723 749 2771 παρὰ
774 2722 819 2760 to*
845 2722 947 2771 εἴρω,
973 2723 1017 2761 to*
1042 2722 1144 2771 λέγω
1159 2737 1166 2744 ·
1191 2727 1250 2762 Et.
1275 2726 1370 2763 Gud.
1386 2737 1422 2772 p.
1439 2730 1516 2772 473,
1530 2729 1569 2762 31
1589 2722 1693 2773 παρά
1710 2722 1753 2762 τὸ
1771 2728 1861 2762 πολ·

368 2778 458 2823 λοὺς
482 2777 585 2831 α’μᾷν
610 2810 618 2817 .
637 2810 643 2817 .
664 2809 670 2817 .
696 2777 719 2827 ἢ
744 2778 850 2828 παρά
875 2780 917 2818 τὸ
945 2779 1111 2824 πολλοῦς
1134 2777 1305 2826 κόπτειν,
1329 2781 1394 2819 καὶ
1420 2778 1636 2819 ἀπολλύειν.
