2096 3129
1660 152 1710 190 13

224 267 457 308 τεθεῖσθαι
494 258 521 321 ἢ
560 260 633 308 διὰ
666 260 719 307 τὸ
766 263 835 308 ἐπ’
876 260 1015 321 αὐτῆς
1059 262 1222 307 ὡσανεὶ
1268 262 1342 307 ἐπὶ
1380 262 1592 319 θεμελίου
1630 260 1713 306 τὸν

226 327 336 375 ὅλον
375 327 555 375 ἑστάναι
594 331 785 388 κόσμους
827 335 879 373 13
908 327 935 388 ἢ
964 326 1034 375 ἐπ’
1064 326 1200 388 αὐτῆς
1229 329 1362 389 δήειν,
1393 325 1418 374 ὅ
1449 330 1570 374 ἐστιν
1598 329 1713 387 εὑρί-

225 411 362 453 σκειν,
392 393 420 442 ἃ
449 398 713 457 ἐπιζητοῦσι.
763 402 941 443 Genuina
971 414 1066 450 esse,
1096 414 1196 452 quae
1224 414 1262 452 p.
1283 402 1347 450 52,
1366 403 1476 440 7-9
1498 404 1661 449 exstant,
1691 413 1712 440 e

224 469 477 509 similitudine
498 481 640 520 eorum,
661 482 761 521 quae
780 482 818 520 p.
839 471 876 518 7,
892 469 1056 508 15--16
1076 470 1270 520 leguntur,
1290 470 1511 508 luculenter
1530 471 1711 519 apparet3

224 549 341 576 unum
361 537 466 587 quod
486 538 652 577 obicitur
670 538 921 586 obstaculum,
949 536 1067 576 facile
1086 539 1317 585 removetur,
1347 548 1433 576 cum
1452 548 1524 587 pro
1544 530 1712 590 ταύτην

224 605 276 655 (v.
298 603 339 656 7)
374 605 575 644 scribimus
611 598 750 661 αὐτήν
780 604 850 655 (=
869 604 1020 655 ipsam).
1076 605 1214 654 Neque
1250 605 1366 643 aliter
1399 603 1528 643 iudico
1567 603 1615 642 de
1651 604 1711 653 iis,

225 684 326 722 quae
355 685 393 723 p.
415 673 480 721 52,
499 674 550 711 13
580 674 726 723 scripta
760 675 864 712 sunt:
903 672 1003 711 nihil
1042 675 1116 721 est,
1150 673 1190 710 in
1225 684 1301 721 quo
1338 671 1528 719 offendam
1563 663 1589 712 ὅ
1619 668 1711 712 ἐστι

223 750 317 779 vero
351 739 427 778 iam
465 751 581 791 supra
608 752 646 791 p.
671 740 722 779 10
759 739 831 791 (ad
860 739 973 779 Corn.
1002 751 1038 789 p.
1061 738 1126 788 41,
1141 738 1269 790 4-5)
1307 750 1400 778 vere
1435 738 1710 778 Cornutianum

227 818 313 846 esse
343 807 623 847 adnotavimus.

335 887 372 926 p.
394 874 663 925 52,18-53,
683 876 702 913 1
736 871 762 929 ἦ
793 869 907 928 πρὸς
936 868 988 916 τὸ
1018 872 1261 929 τρέφεσθαι
1289 872 1413 928 μέχρι
1442 869 1584 927 κόρου
1612 866 1709 928 ὕλη.

223 942 332 990 Quae
372 944 492 983 verba
526 957 605 984 non
639 955 723 983 esse
759 943 952 983 subditiva
985 945 1203 984 testimonio
1238 945 1476 983 extrinsecus
1506 943 1710 993 adsumpto

221 1022 292 1061 pro
322 1013 428 1050 certo
458 1012 694 1062 exploratur.
750 1011 856 1050 Luce
885 1012 987 1050 enim
1016 1012 1160 1050 clarius
1190 1014 1248 1051 est
1277 1010 1537 1059 scholiastam,
1567 1011 1634 1060 qui
1659 1010 1710 1048 ad

221 1078 497 1129 Aristophanis
517 1079 632 1130 Vesp.
662 1091 697 1118 v.
722 1079 829 1118 1438
849 1078 948 1118 haec
967 1079 1184 1119 adnotavit:
1205 1077 1279 1120 ναὶ
1298 1076 1384 1120 τὰν
1404 1074 1577 1132 Κόραν.·
1606 1072 1710 1131 (τὴν

225 1142 511 1201 Περσεφόνην
524 1146 549 1197 ·)
584 1144 790 1187 τουτέστι
818 1141 901 1187 τὸν
934 1141 1086 1199 κόρον,
1120 1141 1203 1202 τὴν
1231 1142 1344 1200 πρὸς
1379 1141 1432 1187 τὸ
1461 1144 1707 1199 τρέφεσθαι

220 1211 344 1268 μέχρι
379 1210 517 1268 κόρου
551 1207 676 1268 ὕλην.
736 1220 829 1263 τοῖς
864 1211 911 1255 δὲ
945 1212 1049 1268 περὶ
1078 1213 1293 1256 Σικελίαν
1329 1209 1381 1255 τὸ
1418 1208 1533 1255 κατὰ
1566 1209 1709 1267 Κόρης

221 1273 402 1334 ὀμνύειν
439 1277 760 1334 ἐνεφιλοχοόρει.
820 1278 1034 1322 ἐντεῦθεν
1069 1277 1150 1335 γὰρ
1171 1275 1316 1335 Ἅιδης
1346 1275 1486 1335 αὐτὴν
1516 1275 1709 1334 ἁρπάσαι

218 1344 531 1405 μεμυθεύεται,
580 1345 643 1398 οὖς
681 1345 724 1389 οἱ
762 1344 951 1390 τοιαῦτά
986 1363 1034 1402 γε
1071 1346 1397 1404 ἄλληγοροῦσαι
1436 1347 1592 1399 δεινοί,
1638 1344 1710 1390 διὰ

220 1412 301 1457 τὸν
330 1411 569 1470 γινόμενον
602 1413 675 1457 ἐπὶ
708 1413 875 1471 χρόνον
914 1412 1018 1456 τινὰ
1059 1415 1155 1457 τῶν
1195 1413 1460 1470 σπερμάτων
1488 1411 1601 1457 κατὰ
1631 1415 1708 1472 γῆς

221 1478 487 1538 ἀφανισμόν,
517 1486 758 1535 exscripisse‚
788 1496 887 1534 quae
917 1484 1021 1535 apud
1051 1484 1261 1524 Cornutum
1289 1497 1327 1535 p.
1349 1485 1482 1534 52,19
1511 1488 1550 1523 et
1571 1485 1636 1533 54,
1655 1485 1705 1523 12

219 1553 412 1602 leguntur.
470 1553 564 1592 Ideo
600 1564 663 1602 ea,
704 1565 804 1603 quae
834 1552 959 1592 editor
988 1552 1201 1602 damnavit,
1241 1565 1326 1592 cum
1354 1552 1440 1592 fieri
1467 1565 1547 1592 non
1575 1553 1708 1603 possit,

218 1623 260 1659 ut
289 1632 311 1660 e
340 1620 489 1660 scholio
518 1621 559 1659 in
586 1620 859 1661 Cornutianum
883 1620 1065 1659 libellum
1084 1621 1199 1659 illata
1219 1622 1306 1669 sint,
1335 1621 1505 1670 genuina
1526 1619 1704 1659 ducenda

218 1691 317 1728 sunt.
374 1690 512 1739 Neque
543 1701 636 1728 vero
667 1688 815 1738 dubito,
845 1701 943 1739 quae
973 1689 1076 1739 apud
1107 1701 1194 1728 eum
1222 1690 1405 1739 leguntur
1434 1701 1482 1728 ex
1510 1689 1576 1737 iis,
1606 1700 1706 1739 quae

220 1755 431 1796 scholiasta
464 1757 637 1808 praebet,
677 1756 902 1797 emendare:
943 1757 1188 1796 scribendum
1226 1759 1321 1807 puto
1351 1768 1457 1796 esse:
1497 1749 1597 1797 οἶον
1626 1751 1707 1797 τὸν

220 1820 387 1878 Κόρον,
427 1820 510 1878 τὴν
548 1821 661 1878 πρὸς
698 1820 751 1865 τὸ
787 1825 1028 1878 τρέφεσθαι
1062 1823 1184 1878 μέχρι
1212 1820 1351 1878 κόρου
1390 1817 1505 1878 ὕλην
1540 1820 1706 1877 (τὴν-

218 1883 345 1947 ὕληνε
377 1893 418 1932 b¹
436 1892 510 1942 N).

330 1973 369 2011 p.
391 1962 614 2009 53‚9—11
647 1956 755 2013 τάχα
796 1959 842 2000 δὲ
880 1957 906 2015 ἡ
940 1953 1068 2013 χθων
1108 1952 1198 2000 άπὸ
1228 1960 1310 2001 τοῦ
1338 1959 1536 2012 χείεσθαι
1565 1953 1592 2015 ἢ
1621 1960 1706 2001 τοῦ

218 2034 381 2083 χωρεῖν
415 2024 566 2070 πάντα
595 2024 783 2083 ἐκλήθη,
820 2024 883 2078 ὥς
911 2025 1079 2083 εἴρηται
1108 2023 1161 2069 τὸ
1188 2021 1340 2077 <ούδὸς
1370 2022 1409 2069 δ’
1429 2021 1705 2082 ἀμφοτέρους

218 2090 293 2136 ὅδε
321 2090 540 2149 χείσεται’.
582 2098 656 2134 Vel
684 2096 772 2135 ideo
793 2096 868 2135 hoc
889 2097 1127 2134 enuntiatum
1148 2097 1317 2136 Cornuto
1337 2096 1615 2134 restituendum
1636 2099 1705 2144 est,

216 2164 320 2214 quod
344 2163 509 2204 eundem
529 2165 569 2203 in
590 2164 741 2203 modum
761 2177 800 2214 p.
819 2164 885 2213 47,
905 2164 954 2203 15
976 2164 1106 2203 verbis
1126 2159 1186 2212 ὡς
1206 2160 1373 2218 εἴρηται
1393 2165 1552 2203 Homeri
1571 2175 1704 2203 versus

216 2242 306 2280 pars
339 2231 544 2270 inducitur.
594 2230 702 2277 Quae
730 2243 794 2270 res
823 2230 1044 2281 perficietur
1072 2231 1186 2270 huius
1214 2232 1294 2269 loci
1323 2230 1429 2270 fonte
1458 2231 1704 2280 investigato.

327 2311 365 2349 p.
392 2299 601 2347 54,4—7
644 2289 696 2338 ὃν
741 2294 915 2352 τρόπον
958 2296 1153 2352 τρίβεται
1199 2296 1273 2338 καὶ
1323 2296 1592 2351 διακρίνεται
1632 2293 1704 2338 διὰ

214 2363 298 2405 τοῦ
328 2363 389 2414 εἰς
417 2361 499 2407 τὸν
530 2357 636 2419 ἀέρα
665 2361 1035 2420 ἄναρριπτεῑοθαι
1065 2357 1153 2406 άπὸ
1183 2364 1278 2406 τῶν
1304 2358 1505 2418 ἀχύρων·
1538 2360 1607 2405 διὸ
1628 2363 1702 2405 καὶ

215 2427 337 2486 κριὸς
367 2431 624 2489 ἐπιτηδείως
654 2429 738 2488 ἔχει
766 2429 880 2487 πρὸς
908 2429 990 2489 τὴν
1015 2428 1200 2487 σποράν.
1251 2434 1380 2473 Uncos
1399 2432 1596 2472 tollendos
1616 2445 1702 2473 esse

214 2501 357 2540 clamat
390 2501 542 2552 phrasis
582 2499 837 2557 ἐπιτηδείως
868 2498 994 2556 ἔχειν,
1028 2514 1129 2552 quae
1157 2503 1320 2542 recurrit
1348 2513 1385 2552 p.
1406 2501 1471 2549 32,
1488 2501 1525 2539 4.
1555 2502 1620 2551 71,
1637 2502 1702 2550 20,

215 2570 282 2618 72,
299 2570 334 2607 1.
392 2570 469 2609 Sed
508 2582 569 2610 res
608 2570 838 2621 quibusdam
877 2570 1170 2610 difficultatibus
1204 2570 1359 2609 videtur
1392 2570 1576 2609 intricata
1605 2581 1700 2609 esse.

215 2636 527 2677 Schmitt-Blank
562 2639 664 2678 viam
705 2638 755 2678 ad
783 2650 917 2678 verum
951 2637 1138 2678 ferentem
1174 2638 1369 2687 ingressus
1399 2650 1477 2677 non
1508 2637 1559 2676 ad
1586 2636 1700 2677 finem

215 2708 441 2756 persecutus
470 2709 539 2745 est.
587 2708 731 2746 Latere
759 2707 834 2746 hoc
863 2707 905 2745 in
925 2707 1122 2746 enuntiato
1142 2707 1250 2745 vocis
1271 2699 1408 2761 κριθή
1427 2707 1700 2756 etymologiam

217 2773 349 2814 verbis
384 2766 497 2814 ὅθεν
538 2773 613 2814 καὶ
643 2771 793 2833 κριθή,
831 2787 930 2826 quae
960 2787 981 2814 e
1011 2774 1123 2815 codd.
1153 2775 1194 2814 bl
1213 2774 1271 2826 N3
1290 2786 1309 2814 c
1337 2775 1503 2826 recepit,
1536 2773 1701 2814 indicari
