2096 3129
1621 215 1673 254 69

187 328 249 367 cui
277 338 492 377 cognomen
521 330 580 367 est
607 322 742 381 Χλόη,
774 327 960 377 explicat,
996 330 1079 366 arte
1110 326 1292 366 cohaeret
1321 327 1483 376 Pluti‚1)
1522 326 1672 366 Cereris

186 394 266 443 filii,
296 396 335 433 et
362 406 540 434 versuum
570 394 730 435 Hesiodi
758 395 1035 445 interpretatio,
1065 406 1178 444 quam
1198 394 1444 445 Apollodoro
1473 393 1673 433 vindicare

186 473 265 500 non
295 461 438 500 dubito.
496 462 656 510 Eorum,
686 474 785 511 quae
815 462 864 501 de
893 463 1014 501 sacris
1041 463 1305 510 insequuntur,
1335 462 1443 511 origo
1473 462 1550 499 iam
1580 473 1671 499 con-

188 530 283 577 stat3
310 528 430 569 liceat
458 531 584 569 autem
605 528 749 569 addere
769 529 936 569 Arnobii
956 529 1006 579 (V
1007 530 1045 569 11
1065 529 1134 579 22)
1155 529 1267 569 haec:
1300 529 1457 575 Telluri,
1477 530 1670 577 inquinant,

185 597 306 634 matri
346 597 481 644 scrofa
524 598 672 635 inciens
717 597 944 634 immolatur
988 599 1027 634 et
1062 597 1164 644 feta,
1209 599 1255 634 at
1289 596 1494 634 Minervae
1528 597 1673 644 viryini

185 663 292 713 virqo
340 663 516 702 caeditur
558 664 699 710 vitula,
743 676 843 714 quae
885 664 1130 703 consentiunt
1169 675 1248 702 uon
1286 664 1410 702 solum
1451 675 1536 702 cum
1577 663 1669 703 Cor-

185 730 352 780 nutianis
380 742 417 779 p.
440 731 504 779 56,
522 731 545 768 6
577 731 646 769 sed
676 732 790 769 etiam
820 743 856 781 p.
878 732 943 779 38,
963 730 1133 768 14-15
1164 730 1299 768 obviis.
1355 730 1402 767 In
1432 731 1670 779 cognominis

185 794 453 850 θεσμοθέτις
493 797 868 849 interpretatione,2)
911 809 1011 848 quae
1051 809 1136 836 cum
1176 798 1249 836 illa
1289 797 1480 847 allegoria
1517 797 1667 836 interno

184 864 343 903 vinculo
373 866 557 915 copulata
578 868 645 914 est,
675 866 913 915 Apollodori
939 865 1125 904 sermonis
1145 865 1325 903 indicium
1347 863 1669 913 deprehendimus

185 942 221 981 p.
243 931 307 980 56,
328 932 394 970 19:
434 933 568 971 notum
605 932 705 971 enim
741 935 800 971 est
834 944 920 971 eum
955 931 1116 981 figuram
1152 924 1421 979 ἀντιθέσεως
1446 932 1489 969 in
1519 931 1669 969 deliciis

183 998 382 1046 habuisse,
426 1011 502 1048 qua
542 1000 704 1037 aliorum
744 1000 945 1038 sententiis
984 999 1171 1046 refutatis,
1211 999 1316 1048 quod
1354 999 1438 1047 ipse
1475 999 1667 1045 censebat,

184 1065 415 1115 opponebat.
484 1065 616 1105 Simile
666 1069 792 1105 autem
841 1065 1120 1116 interpretandi
1166 1066 1364 1104 consilium
1409 1068 1524 1114 atque
1563 1064 1666 1115 apud

183 1133 394 1172 Cornutum
424 1145 460 1182 p.
483 1133 535 1171 56
566 1133 778 1172 adhibitum
808 1136 867 1171 est
894 1133 935 1171 in
964 1132 1113 1171 scholio
1140 1132 1189 1170 ad
1209 1133 1370 1171 Luciani
1390 1133 1494 1170 Dial.
1515 1136 1666 1171 meretr.

182 1201 272 1248 111,
313 1199 415 1250 quod
452 1200 597 1250 primus
632 1200 769 1240 Rohde
803 1200 875 1240 Rh.
895 1201 945 1239 M.
968 1200 1020 1239 25
1050 1200 1193 1250 (1870)
1222 1213 1259 1250 p.
1280 1200 1360 1238 549
1397 1199 1527 1239 edidit.
1592 1200 1666 1239 Hic

182 1271 368 1317 narratur,
404 1267 596 1317 quomodo
631 1269 738 1318 porci
767 1269 848 1306 vivi
876 1269 916 1306 in
945 1269 1168 1317 voraginem
1199 1268 1342 1306 deiecti
1371 1267 1501 1307 Cereri
1530 1268 1663 1306 immo-

182 1335 323 1384 lentur,
352 1334 455 1385 quod
487 1335 548 1374 die
568 1334 961 1386 Thesmophoriorum
991 1347 1047 1383 eo,
1079 1335 1145 1384 qui
1174 1333 1349 1388 νηστεία
1379 1335 1664 1385 appellabatur,

180 1402 327 1443 factum>
369 1413 453 1441 esse
493 1403 703 1441 verisimile
743 1406 811 1441 est.
820 1403 852 1453 ³)
910 1403 1027 1442 Cuius
1066 1403 1324 1441 caerimoniae
1363 1413 1480 1441 causa
1517 1405 1559 1440 ut
1598 1414 1662 1441 ex-

179 1472 356 1520 ponatur,
391 1469 490 1509 duae
519 1471 699 1509 ineuntur
728 1471 831 1509 viae:
869 1470 1139 1509 discernuntur
1169 1471 1269 1508 enim
1299 1463 1430 1522 λόγος
1457 1466 1662 1522 μυθικὸς,

181 1536 389 1576 secundum
430 1548 544 1587 quem
580 1537 630 1575 ad
658 1537 842 1584 Eubulei‚
884 1537 952 1586 qui
985 1532 1183 1590 συβώτης
1213 1536 1430 1586 putabatur,
1469 1548 1557 1576 sues
1586 1549 1664 1575 uua

180 1616 265 1643 cum
286 1605 520 1654 Proserpina
549 1604 754 1643 devoratos
783 1604 958 1653 refertur,
989 1607 1028 1642 et
1057 1601 1188 1656 λόγος
1219 1600 1417 1655 φυσικός,
1438 1616 1515 1654 qno
1535 1606 1663 1653 priore

180 1672 372 1710 sententia
400 1672 624 1722 impugnata
653 1672 726 1711 hac
756 1673 988 1711 caerimonia
1007 1674 1134 1710 terrae
1155 1671 1429 1709 fecunditatem
1449 1671 1663 1722 significari

177 1738 371 1788 probatur,
401 1751 500 1788 quae
529 1740 627 1778 ratio
658 1739 891 1778 scholiastae
920 1740 985 1777 vel
1010 1740 1137 1789 potius
1158 1740 1316 1786 auctori,
1346 1751 1458 1788 quem
1479 1739 1662 1788 sequitur,

178 1806 302 1856 magis
329 1807 521 1856 placuisse
546 1807 700 1845 videtur
728 1806 793 1855 (cf.
814 1806 917 1857 quod
937 1806 1097 1846 Carolus
1117 1806 1262 1845 Robert
1281 1807 1410 1844 Herm.
1433 1806 1486 1844 20
1506 1806 1661 1855 (1885),

178 1885 215 1923 p.
237 1874 314 1912 371
338 1873 544 1925 disseruit).
586 1876 639 1915 Ut
657 1876 817 1925 planum
837 1874 914 1923 fiat,
935 1877 1079 1924 quanta
1098 1874 1308 1913 similitudo
1328 1874 1542 1913 intercedat
1561 1875 1661 1912 inter

178 1941 387 1980 Cornutum
431 1944 469 1980 et
506 1941 617 1980 huius
658 1942 798 1980 scholii
835 1943 1084 1991 posteriorem
1123 1944 1289 1991 partem,
1329 1941 1505 1980 exscribo
1544 1941 1658 1979 haec:

178 2004 450 2061 λαμβάνουσι
480 2007 526 2050 db
554 2004 705 2050 κώνου
725 2003 924 2057 θαλλοὺς
955 2006 1027 2049 διὰ
1046 2004 1099 2049 τὸ
1118 2003 1375 2062 πολύγονον
1394 2009 1479 2049 τοῦ
1499 2008 1658 2060 φυτοῦ.

177 2073 472 2127 ἐμβάλλονται
509 2075 554 2116 δὲ
589 2075 663 2116 καὶ
693 2074 753 2124 εἰς
781 2074 837 2116 τὰ
865 2075 1032 2129 μέγαρα
1062 2069 1206 2123 οὕτως
1235 2073 1488 2127 καλούμενα
1518 2071 1658 2116 ἄδυτα

177 2138 324 2185 ἐκεῖνά
352 2157 400 2186 τε
430 2142 503 2186 καὶ
531 2150 688 2198 χοῖροι,
718 2140 778 2194 ὡς
806 2138 888 2200 ἤδη
918 2138 1096 2198 ἔφαμεν,
1133 2141 1206 2185 καὶ
1236 2140 1365 2185 αὐτοὶ
1395 2138 1466 2186 διὰ
1494 2139 1547 2185 τὸ
1575 2155 1657 2185 πο-

178 2208 390 2251 λύτοκον
416 2210 476 2261 εἰς
515 2209 721 2266 σύνθημα
759 2212 835 2267 τῆς
875 2210 1084 2265 γενέσεως
1118 2212 1213 2252 τῶν
1249 2212 1436 2265 καρπῶν
1463 2210 1536 2251 καὶ
1565 2211 1658 2251 τῶν

177 2270 448 2337 ἀνθρώπων,
487 2276 548 2330 ὥς
584 2276 840 2337 χαριστήρια
878 2280 932 2333 τῇ
969 2276 1181 2336 Δήμητρι,
1221 2277 1370 2336 ἐπειδὴ
1410 2277 1492 2321 τὸν
1528 2275 1656 2334 δημή-

175 2359 302 2399 τριον
339 2344 515 2402 καρπὸν
551 2347 805 2403 παρέχουσα
844 2345 1051 2404 ἐποίησεν
1079 2341 1242 2404 ἥμερον
1272 2342 1323 2389 τὸ
1360 2348 1451 2389 τῶν
1482 2340 1656 2400 ἀνθρώ-

175 2427 276 2455 πων
315 2414 452 2469 γένος.
509 2408 534 2456 ὁ
563 2414 643 2470 μὲν
682 2410 766 2458 οὖν
805 2411 900 2458 ἄνω
929 2416 1008 2470 τῆς
1038 2412 1192 2472 ἑορτῆς
1221 2411 1353 2470 λόγος
1383 2413 1407 2456 ὁ
1436 2411 1654 2469 μυθικὸς·

288 2548 317 2593 ¹)
341 2548 472 2584 Similis
494 2548 665 2594 allegoria
680 2549 777 2585 Pluti
799 2558 821 2584 a
842 2548 937 2585 Iasio
961 2552 999 2585 et
1015 2549 1146 2585 Cerere
1169 2549 1311 2585 oriundi
1334 2549 1467 2593 legitur
1489 2548 1524 2582 in
1541 2548 1654 2583 schol.

174 2602 261 2638 Hes.
278 2603 418 2650 Theog.
431 2615 466 2640 v.
480 2607 542 2640 971
563 2607 600 2640 et
614 2604 712 2650 apud
724 2604 833 2640 Diod.
846 2605 880 2641 V
894 2608 947 2650 77,
962 2607 992 2640 2.
1028 2605 1085 2641 De
1101 2604 1262 2640 fontibus
1277 2604 1428 2640 Diodori
1444 2603 1525 2639 libri
1540 2604 1655 2649 quinti

175 2657 222 2694 cf.
252 2660 296 2695 E.
318 2660 516 2706 Schwartz,
547 2661 689 2696 Diodor
718 2671 774 2706 ap.
799 2662 838 2696 P.
842 2661 914 2697 -W.
939 2662 1055 2728 V678
1086 2662 1228 2740 (contra
1258 2661 1440 2705 Bethium,
1472 2660 1593 2695 Herm.
1611 2663 1653 2695 24

175 2715 297 2759 (1889)
320 2726 356 2761 p.
372 2719 440 2752 423
453 2718 563 2762 sqq..)

286 2772 316 2815 ²)
340 2772 395 2809 Cf.
420 2772 520 2810 Serv.
545 2773 592 2809 ad
608 2774 717 2819 Verg.
741 2773 832 2810 Aen.
849 2774 948 2811 IVv.
966 2776 1020 2810 58.

286 2828 315 2873 ⁸)
339 2827 393 2864 Cf.
416 2829 530 2866 schol.
555 2829 741 2875 ArIstoph.
764 2830 855 2866 Rau.
878 2840 912 2866 v.
930 2832 1007 2865 338.
