2096 3129
378 155 432 192 22

379 268 431 319 (p.
454 267 507 307 59
539 270 577 306 et
608 266 691 317 38),
720 277 848 316 neque
870 264 1027 304 dubium
1049 276 1134 305 esse
1154 268 1295 316 potest,
1325 266 1416 316 quin
1437 265 1470 305 si
1488 277 1567 304 non
1588 277 1609 305 e
1629 262 1869 315 compendio,

373 335 481 386 'quod
501 335 725 373 Heraclitus
754 336 793 372 et
813 334 927 372 Vitae
947 332 1106 372 Homeri
1137 345 1237 383 quae
1267 334 1389 373 fertur
1418 337 1552 372 auctor
1570 334 1611 372 in
1629 344 1740 372 usum
1759 342 1868 370 suum

378 404 670 450 converterunt,
709 400 937 451 desumptae
976 403 1082 449 sunt,
1121 404 1162 440 at
1191 404 1295 441 certe
1326 413 1348 441 e
1376 404 1487 441 vasto
1516 401 1613 440 mari
1641 399 1870 440 Homericae

377 469 650 521 philosophiae
679 469 1043 518 interpretationum
1072 468 1237 508 haustae
1266 470 1355 508 sint.
1365 471 1396 519 1)
1444 470 1582 519 Neque
1612 469 1713 508 enim
1744 479 1793 505 ex
1812 478 1869 514 eo,

377 537 481 587 quod
521 549 607 575 cum
636 536 872 574 Heracliteis
911 536 1046 584 aliqua
1081 547 1102 574 e
1138 539 1250 585 parte
1287 538 1548 586 consentiunt,
1587 536 1737 575 etiamsi
1771 534 1870 572 alias

378 604 537 645 Cornuti
561 607 610 659 vet
639 603 830 644 Heracliti
866 603 1121 653 congruentia
1148 603 1388 654 Apollodori
1422 605 1463 643 in
1492 604 1657 655 vestigia
1685 602 1870 651 ducimur,

377 685 443 713 eas
477 673 540 712 illi
570 671 794 711 tribuendas
824 682 910 711 esse
940 672 1076 721 colligi
1104 683 1218 722 posse
1248 672 1289 711 in
1319 675 1454 723 aperto
1486 675 1553 712 est.
1601 672 1700 711 Nam
1730 673 1870 718 cetera,

377 753 478 792 quae
500 741 670 782 Cornuto
691 743 731 780 et
748 740 953 780 Heraclito
975 740 1196 779 communia
1216 743 1316 790 sunt,
1346 741 1450 791 apud
1470 737 1869 791 Pseudoplutarchum

377 821 456 848 non
484 811 680 859 leguntur,
715 811 756 847 et
790 809 945 847 omnino
976 809 1024 847 ab
1054 808 1129 847 hoc
1158 809 1260 848 libro
1291 808 1518 856 abhorrent3
1553 809 1721 847 invicem
1750 807 1870 846 maior

376 890 468 928 pars
497 877 870 926 interpretationum,
901 888 1001 925 quae
1022 876 1125 926 apud
1149 877 1391 915 Heraclitum
1413 879 1452 915 et
1469 873 1869 926 Pseudopl'utarchum

375 944 638 991 inveniuntur,
668 944 710 981 in
730 942 890 982 Cornuti
919 943 1060 982 libello
1089 955 1168 981 non
1197 944 1376 991 occurrit,
1406 943 1475 982 sed
1504 955 1634 983 earum
1664 943 1762 982 ratio
1790 953 1870 980 non

376 1013 457 1050 alia
486 1015 545 1050 est
574 1014 704 1060 atque.
719 1011 1100 1060 interpretationum,
1141 1022 1241 1060 quae
1271 1011 1441 1050 Cornuto
1470 1011 1671 1050 Heraclito
1700 1009 1869 1048 Pseudo-

376 1078 583 1130 plutarcho
612 1090 833 1118 communes
863 1081 967 1128 sunt,
1004 1090 1104 1129 quae
1134 1079 1167 1118 si
1195 1078 1443 1129 Apollodoro
1473 1077 1702 1118 tribuendae
1731 1079 1870 1126 essent,

377 1149 602 1197 sequeretur
631 1147 727 1185 illas
757 1158 922 1196 quoque,
952 1158 1052 1196 quae
1083 1146 1188 1197 apud
1214 1146 1425 1186 Cornutum
1455 1146 1734 1193 desiderantur,
1762 1145 1870 1183 illius

379 1229 427 1255 ex
459 1227 577 1266 opere
607 1216 839 1263 manavisse,
868 1215 909 1254 id
939 1215 1042 1265 quod
1073 1216 1235 1265 cogitari
1264 1216 1410 1264 nequit.

491 1283 569 1322 Sed
588 1285 710 1322 restat
730 1286 773 1320 ut
790 1283 990 1321 videamus
1011 1283 1060 1321 de
1082 1284 1357 1322 commentario
1373 1282 1626 1332 Theogoniae
1641 1281 1870 1329 Hesiodeae,

378 1351 427 1389 de
458 1350 650 1400 capitibus
673 1349 794 1398 3—5,
825 1349 874 1388 de
905 1351 1032 1400 capite
1053 1351 1091 1389 8.
1133 1350 1302 1388 Dubium
1328 1362 1407 1388 non
1434 1353 1502 1397 est,
1533 1350 1626 1398 quin
1645 1360 1703 1396 ea,
1733 1348 1870 1398 quibus

377 1431 415 1468 p.
437 1419 473 1466 6,
491 1418 653 1466 20—8,
670 1418 693 1455 9
735 1417 891 1456 Saturni
925 1416 1083 1456 fabulae
1119 1418 1375 1467 explicantur,
1415 1416 1464 1455 ab
1493 1417 1567 1455 illo
1597 1416 1870 1455 commentario

379 1487 518 1524 avulsa
547 1486 633 1524 sint.
690 1485 798 1524 Luce
827 1486 929 1524 enim
960 1486 1102 1524 clarius
1133 1488 1200 1533 est,
1230 1485 1386 1524 Saturni
1416 1484 1656 1534 cognominis
1686 1475 1869 1536 ἀγκυλο-

377 1549 515 1607 μήτης
525 1553 884 1602 interpretationem
900 1552 1118 1590 fabularum
1133 1553 1369 1591 enarrationi
1384 1564 1462 1590 non
1476 1552 1576 1589 bene
1591 1551 1871 1600 agglutinatam

378 1621 473 1658 olim
503 1619 723 1659 cohaesisse
754 1631 840 1658 cum
869 1621 926 1668 iis,
957 1632 1056 1669 quae
1086 1632 1122 1670 p.
1144 1621 1208 1668 31,
1230 1621 1279 1659 10
1307 1620 1355 1658 de
1382 1621 1463 1658 eius
1491 1619 1718 1669 cognomine
1739 1612 1870 1659 ὁπλό-

378 1699 513 1733 τατος
543 1686 793 1725 disseruntur.
837 1687 945 1725 Haec
975 1687 1076 1724 enim
1102 1687 1334 1736 cognomina
1352 1687 1392 1724 in
1412 1698 1489 1725 uno
1510 1685 1722 1734 eodemque
1742 1685 1870 1724 Theo-

378 1755 519 1804 goniae
554 1766 670 1793 versu
699 1755 778 1792 137
809 1755 1015 1794 coniuncta
1044 1758 1261 1794 occurrunt.
1310 1755 1387 1794 Sed
1417 1755 1502 1804 quis
1532 1753 1727 1803 putaverit
1754 1754 1870 1792 inter-

379 1823 607 1872 polatorem,
628 1822 661 1861 si
680 1821 806 1870 modo,
825 1825 868 1860 ut
886 1823 1019 1872 paucis
1039 1823 1327 1873 perstringeret,
1348 1834 1448 1872 quae
1467 1822 1615 1871 priores
1630 1824 1806 1860 auctores
1822 1820 1870 1860 de

378 1890 544 1929 diversis
579 1889 796 1939 theogoniis
825 1903 848 1928 a
877 1891 1000 1940 poetis
1029 1891 1192 1940 prolatis
1222 1891 1479 1938 censuissent,
1515 1890 1734 1929 continuam
1763 1888 1870 1928 theo-

493 1990 520 2033 ι)
545 1989 602 2024 De
625 1998 794 2025 versuum
821 1989 849 2023 Ο
868 1991 908 2024 18
918 1999 998 2034 sqq.
1015 1989 1375 2034 interpretationibus
1390 1989 1500 2025 adeas
1515 1988 1710 2033 scriptores
1725 1988 1761 2023 in
1777 1999 1872 2024 nova

378 2044 553 2080 Heracliti
578 2044 748 2087 editione,
773 2054 879 2089 quam
903 2045 1087 2080 societatis
1109 2045 1320 2091 philologae
1337 2044 1540 2080 Bonnensis
1563 2043 1708 2079 sodales
1724 2054 1871 2080 curave-

376 2104 471 2145 runt,
495 2100 637 2136 citatos.
688 2100 745 2136 De
769 2100 936 2137 versibus
959 2102 990 2135 A
1008 2104 1073 2137 399
1082 2113 1163 2147 sqq.
1188 2102 1366 2145 conferas,
1392 2111 1486 2146 quae
1502 2100 1632 2136 similia
1646 2100 1873 2145 protulerunt

377 2156 601 2202 Porphyrius
634 2159 672 2191 et
698 2155 909 2191 Eustathius
942 2156 1111 2202 (Miinzel,
1136 2158 1182 2192 M.
1200 2158 1268 2192 Rh.
1289 2157 1333 2193 N.
1349 2157 1389 2192 F.
1407 2159 1461 2191 40.
1487 2157 1609 2200 (1885)
1637 2166 1672 2201 p.
1689 2156 1871 2202 633sqq.).

377 2212 602 2259 Porphyrius
632 2212 689 2248 dis
712 2212 793 2249 Iovi
822 2212 968 2249 infensis
997 2214 1176 2250 elementa
1198 2214 1268 2251 hoc
1290 2214 1403 2250 modo
1427 2213 1610 2259 adsignat,
1642 2216 1683 2249 ut
1705 2212 1796 2249 Iuno
1819 2213 1871 2249 in·

378 2270 573 2315 tellegatur
604 2262 677 2314 ἀήρ
711 2269 902 2314 Neptunus
932 2263 1033 2316 ὕδωρ
1068 2270 1230 2306 Minerva
1260 2274 1309 2316 γῆ
1346 2270 1536 2305 Briaereus
1566 2263 1679 2314 ἥλιος.
1733 2269 1872 2306 Eadem

377 2326 469 2363 ratio
493 2326 621 2364 subest
644 2325 933 2372 interpretationi
955 2327 1000 2364 ab
1025 2327 1218 2365 Eustathio
1242 2327 1380 2374 primae
1402 2326 1582 2374 prolatae,
1607 2326 1767 2364 secunda
1789 2338 1870 2364 eum

379 2385 539 2419 Cornuto
571 2384 608 2418 in
640 2383 847 2418 universum
871 2385 1066 2429 consentit,
1098 2385 1167 2420 nisi
1190 2385 1289 2429 quod
1312 2385 1495 2428 Briareus,
1527 2383 1574 2418 de
1599 2394 1669 2428 quo
1693 2384 1872 2420 Cornutus

378 2449 444 2476 sua
466 2439 583 2486 ipsius
606 2439 756 2475 inventa
779 2438 940 2485 proferre
957 2440 1103 2478 videtur
1126 2439 1189 2487 (cf.
1205 2440 1326 2487 infra),
1349 2440 1455 2477 aliter
1478 2438 1680 2486 explicatur
1695 2436 1871 2487 (ἓκατόγ·

376 2508 509 2542 χειρον
541 2492 743 2542 Βριάρεων
772 2494 839 2541 τὴν
867 2501 937 2543 τῆς
967 2493 1145 2543 τοιαύτης
1177 2495 1468 2544 διακοσμήσεως
1502 2494 1666 2544 βριαρᾶν
1701 2494 1871 2543 ἀνάγκην

377 2551 445 2588 καὶ
466 2549 610 2597 ἰσχύν);
633 2552 741 2588 tertia
763 2552 1010 2599 interpretatio
1034 2554 1212 2591 Zenodoti
1235 2554 1393 2591 lectione
1416 2553 1626 2590 substructa
1648 2557 1715 2591 est.
1760 2554 1871 2591 Hera-

377 2609 486 2645 clitus
509 2620 545 2654 p.
563 2611 696 2645 38—39
721 2608 812 2646 duas
834 2610 995 2647 rationes
1018 2610 1199 2647 conflavit.
1238 2611 1328 2648 Nam
1345 2610 1506 2646 Minerva
1528 2610 1574 2647 ab
1591 2621 1635 2647 eo
1650 2610 1872 2657 intellegitur

377 2669 436 2711 γῆ,
460 2665 629 2701 Briareus
653 2675 726 2700 non
749 2667 790 2700 ut
812 2665 858 2701 ab
882 2666 1076 2702 Eustathio
1099 2670 1138 2702 et
1160 2666 1364 2713 Porphyrio
1387 2665 1459 2711 sol,
1483 2666 1550 2702 sed
1572 2666 1737 2703 similiter
1759 2670 1870 2713 atque

376 2722 411 2757 in
441 2721 622 2757 Eustathii
652 2721 814 2757 secunda
840 2722 1136 2768 interpretatione
1169 2718 1189 2769 ἡ
1220 2718 1363 2770 βριαροέ
1396 2723 1458 2757 καὶ
1490 2719 1672 2770 πολύχειρ
1702 2720 1869 2768 δύναμις.

376 2789 412 2823 p.
431 2781 484 2823 38,
500 2780 632 2813 17-19
657 2787 738 2813 cum
763 2777 922 2814 Cornuto
947 2782 1161 2825 congruunt.
