2096 3129
1581 227 1631 266 51

154 352 245 391 pars
273 341 352 380 alio
382 352 404 380 e
433 340 538 381 fonte
568 341 722 381 videtur
749 340 917 380 fluxisse.
963 341 1009 379 In
1037 340 1295 391 disputatione
1325 352 1430 390 vero,
1459 352 1558 390 quae
1588 340 1637 379 de

154 409 345 448 Mercurio
374 411 447 457 est,
476 408 782 459 Apollodoream
813 408 1029 447 doctrinam
1056 409 1182 448 latere
1211 411 1380 448 constat:
1403 407 1638 448 'Hefermehl

156 475 259 514 enim
297 476 324 514 1.
353 476 382 514 1.
417 488 454 526 p.
485 477 537 515 36
583 476 753 516 Cornuto
788 487 824 526 p.
851 475 916 525 20,
937 475 989 514 23
1006 486 1090 525 sqq.
1130 476 1272 515 Proclo
1311 475 1378 525 (ad
1415 476 1505 515 Hes.
1537 474 1637 526 Opp.

155 555 192 582 v.
221 543 292 593 84)
332 542 410 583 Oro
454 544 701 595 comparatis,
744 543 882 594 quibus
926 542 1075 582 addidit
1111 544 1306 583 Heracliti
1348 544 1639 593 congruentiam

155 623 193 660 p.
221 611 291 659 95,
312 611 339 649 4
386 612 673 662 Apollodorum
727 611 912 658 restituit;
966 611 1036 650 sed
1090 623 1299 651 consensus
1354 611 1543 651 Heracliti
1599 613 1638 650 et

155 678 314 717 Cornuti
352 679 402 717 ad
439 681 554 729 plura
592 680 761 729 pertinet
795 690 920 728 neque
951 678 1108 718 dubium
1137 682 1205 728 est,
1241 680 1335 728 quin
1363 679 1503 727 omnia,
1538 690 1639 728 quae

154 746 254 784 inter
291 757 333 784 se
372 748 603 796 congruunt,
643 746 692 785 ad
727 746 962 796 Apollodori
1000 757 1096 796 opus
1133 746 1355 785 revocanda
1392 747 1528 795 sint;¹)
1568 745 1638 784 sed

156 813 388 863 supersedeo
427 814 526 853 haec
566 814 786 853 exscribere
826 816 864 852 et
902 814 994 852 satis
1032 813 1158 852 habeo
1197 814 1414 853 accuratius
1453 813 1638 861 indicare,

156 891 254 930 quae
292 881 500 931 praecipue
538 882 800 921 consentiunt:
842 881 954 921 Corn.
989 893 1026 931 p.
1054 882 1118 930 21,
1139 882 1164 920 3
1190 900 1244 914 =
1270 882 1362 920 Her.
1390 893 1428 931 p.
1456 881 1520 930 96,
1542 882 1565 919 2
1582 892 1638 930 sq.

156 948 268 988 Corn.
294 960 330 999 p.
353 949 417 997 21,
433 948 578 987 4—14
598 967 653 981 =
673 949 764 990 Her.
789 961 826 999 p.
848 948 912 996 95,
930 949 1084 987 3—11.
1123 949 1235 988 Corn.
1260 960 1296 999 p.
1318 948 1450 996 21,15
1471 966 1525 980 =
1545 948 1637 986 Her.

156 1029 191 1065 p.
222 1017 286 1064 96,
307 1018 408 1066 10.2)
462 1017 576 1057 Corn.
614 1030 652 1067 p.
684 1018 748 1065 22,
769 1017 889 1056 3-5
918 1035 974 1050 =
1002 1017 1094 1057 Her.
1134 1029 1170 1066 p.
1202 1017 1266 1064 94,
1288 1017 1475 1055 20—21.
1525 1016 1638 1056 Corn.

154 1094 192 1133 p.
222 1083 287 1131 23,
306 1084 474 1121 12-16
505 1102 560 1115 =
589 1084 680 1122 Her.
718 1095 755 1133 p.
786 1083 850 1132 94,
870 1084 1096 1133 17—20.³)
1167 1084 1249 1122 Iam
1291 1094 1386 1122 vero
1430 1094 1515 1122 cum
1558 1085 1637 1121 tam

154 1152 309 1201 amplae
348 1154 479 1202 partes
517 1152 629 1191 huius
668 1152 804 1202 capitis
833 1151 1082 1202 Apollodoro
1120 1151 1348 1190 tribuendae
1385 1151 1478 1200 sint,
1515 1153 1637 1190 totam

156 1218 204 1258 de
245 1219 435 1259 Mercurio
474 1219 733 1270 disputionem
778 1231 827 1259 ex
864 1219 974 1259 illius
1013 1231 1130 1270 opere
1170 1222 1389 1270 excerptam
1427 1230 1511 1258 esse
1548 1229 1637 1269 pro-

155 1286 284 1325 babile
314 1290 388 1334 est;
418 1299 517 1336 quae
548 1288 769 1326 coniectura
789 1298 874 1325 cum
895 1288 1163 1336 circumspexi,
1188 1287 1417 1336 quibusnam
1436 1287 1638 1325 momentis

155 1353 283 1393 fulciri
312 1354 445 1404 possit,
475 1354 610 1392 mirum
640 1356 823 1403 qnantum
853 1354 1014 1393 materia
1043 1354 1244 1393 succrevit.

266 1422 428 1460 Praeter
461 1421 583 1460 schol.
621 1420 683 1460 Od
717 1431 752 1473 ψ
785 1422 863 1460 198
889 1440 943 1453 =
969 1421 1016 1460 fr.
1043 1422 1095 1459 30
1115 1422 1205 1469 MA)
1254 1421 1535 1471 comparandus
1580 1424 1639 1460 est

155 1488 372 1534 Macrobius
401 1488 487 1537 (S.I
505 1489 633 1536 19,12
645 1489 761 1538 sqq.):
791 1487 1076 1537 Aryeiphontes
1096 1492 1305 1536 praeterea
1331 1490 1636 1537 coquomiuatur,

154 1567 235 1593 uon
270 1556 374 1603 quod
400 1554 554 1605 Arywm
580 1557 748 1604 peremit
781 1558 838 1603 (ut
877 1552 919 1595 οἱ
954 1551 1164 1607 νεώτεροι
1198 1557 1405 1594 voluerunt
1437 1555 1485 1595 cf.
1511 1556 1638 1594 Procl.

155 1623 259 1672 apud
301 1623 606 1662 Hefermehlium
649 1636 686 1673 p.
715 1624 783 1672 37)
824 1653 832 1661 .
869 1655 878 1663 .
912 1653 921 1661 .
957 1624 1026 1662 sed
1072 1624 1142 1662 sub
1188 1624 1303 1662 huius
1349 1624 1457 1662 modi
1496 1623 1639 1672 fabula

154 1689 289 1740 Aryus
344 1694 402 1730 est
449 1692 598 1730 eaelum
646 1691 851 1730 stellarum
902 1692 983 1730 luce
1032 1692 1271 1738 distinctum,
1327 1692 1464 1739 quibus
1514 1693 1640 1731 inesse

157 1758 348 1806 quaedam
392 1761 534 1807 speeies
579 1759 802 1798 caelestium
843 1759 994 1797 videtur
1038 1760 1246 1798 oculorum.
1315 1759 1466 1798 eaelwm
1510 1762 1639 1797 autem

154 1824 308 1874 Aryum
344 1828 477 1864 vocari
505 1827 664 1874 placuit
698 1838 722 1863 a
757 1827 923 1864 candore
954 1830 992 1864 et
1017 1827 1219 1865 velocitate
1246 1823 1368 1878 παρὰ
1396 1823 1448 1867 τὸ
1478 1822 1640 1867 λευκὸν

155 1890 229 1932 καὶ
266 1888 377 1944 ταχύ
401 1924 410 1933 .
433 1924 440 1932 .
465 1923 474 1933 .
515 1895 569 1931 14
589 1894 782 1941 pleraque
817 1894 934 1932 etiam
972 1894 1184 1932 simulacra
1217 1894 1407 1932 Mercurii
1444 1894 1638 1941 quadrato

155 1962 264 1998 statu
300 1960 524 2009 fiqurautur
560 1961 643 1999 solo
683 1962 808 2009 eapite
845 1962 1049 2010 insiyuata
1085 1964 1122 1999 et
1147 1962 1323 2000 virilibus
1354 1963 1502 2008 erectis,
1539 1973 1640 2009 quae

154 2027 284 2076 figura
312 2027 510 2076 siqnifieat
536 2028 655 2066 solem
684 2028 822 2066 muudi
850 2039 932 2067 esse
961 2028 1128 2079 caput.⁵)

268 2170 374 2221 1),()ί“.
397 2170 599 2207 Reinhardt
621 2182 656 2217 p.
674 2173 729 2207 29.

267 2228 297 2271 ²)
321 2226 376 2264 Cf.
399 2226 523 2272 Apoll.
547 2226 658 2272 Soph.
682 2238 718 2273 p.
738 2230 812 2272 168,
830 2230 872 2263 35
898 2227 1016 2264 Bekk.

267 2285 297 2329 ³)
321 2283 376 2320 Cf.
400 2284 493 2330 Lyd.
517 2283 565 2320 de
587 2294 700 2320 mens.
723 2295 760 2329 p.
779 2287 885 2330 130‚1
913 2278 934 2319 ὃ
959 2282 1000 2321 δὲ
1025 2280 1172 2329 α’ληθής
1196 2280 1311 2327 αὐτὸς
1335 2282 1458 2333 ἑαυτῷ
1485 2282 1529 2321 ἐκ
1546 2283 1637 2321 πάν-

155 2353 232 2376 των
254 2343 384 2387 μερῶν
405 2335 499 2383 ἶσος,
529 2335 629 2377 ὅπου
653 2339 694 2378 δὲ
719 2337 925 2387 στρέφοιτο
949 2338 1091 2383 πάσαις
1113 2339 1276 2387 βάσεσιν
1301 2338 1491 2388 αόρίστως
1514 2342 1637 2389 στηρί-

157 2399 272 2442 ζεται,
296 2392 318 2433 ὃ
343 2394 383 2434 δὲ
409 2394 696 2443 τετραγωνικόν
719 2401 846 2443 σχῆμα
870 2394 1058 2444 τυγχάνει.
1096 2398 1253 2435 Videtur
1274 2398 1401 2445 Lydus
1425 2409 1471 2435 ex
1494 2400 1637 2446 Apione

154 2454 326 2499 pendere,
351 2455 436 2490 vide
459 2454 717 2500 Reitzenstein,
741 2454 976 2491 Poimandres
998 2466 1034 2500 p.
1051 2458 1104 2491 43.

267 2511 296 2557 4)
321 2510 480 2547 Additur
511 2510 579 2548 sub
610 2510 716 2547 finem
746 2505 769 2556 ἧ
803 2508 843 2548 δὲ
873 2510 1023 2557 ἱστορία
1046 2507 1150 2558 παρὰ
1170 2506 1436 2561 Ἀπολλοδώρῳ
1460 2515 1515 2561 τῷ
1536 2507 1636 2557 Ἀθη-

155 2570 260 2615 ναίῳ.
321 2567 432 2602 Tales
475 2567 758 2612 subscriptiones
801 2567 1021 2603 scholiorum
1059 2568 1335 2603 Homericorum
1372 2579 1394 2604 a
1431 2569 1636 2613 Byzantinis

154 2622 334 2669 magistris
364 2622 536 2659 videntur
565 2622 730 2659 adiectae
760 2633 855 2659 esse.
900 2621 956 2659 ef.
979 2622 1048 2658 Ed.
1070 2622 1270 2668 Schwartz,
1300 2624 1358 2660 De
1381 2623 1506 2660 scholl.
1529 2624 1635 2659 Hom.

155 2679 203 2715 ad
236 2679 362 2716 histor.
392 2678 503 2716 fabul.
534 2679 664 2725 pertin.
693 2679 817 2716 Jahrb.
845 2679 869 2716 f.
895 2679 940 2716 cl.
965 2679 1055 2716 Phil.
1084 2679 1209 2725 Suppl.
1239 2680 1312 2716 XII
1342 2681 1462 2725 (1881)
1492 2691 1528 2725 p.
1552 2683 1635 2725 4583

154 2735 239 2772 ideo
269 2736 314 2772 iis
341 2746 415 2772 non
436 2736 545 2772 nimia
567 2735 660 2773 fides
682 2735 848 2773 habenda
870 2739 938 2773 est.
983 2736 1111 2783 Neque
1133 2740 1253 2773 tamen
1275 2737 1423 2773 dubium
1446 2740 1516 2782 est,
1549 2737 1635 2783 quin

154 2791 214 2828 hic
235 2803 361 2830 verum
383 2792 543 2830 viderint
564 2792 771 2830 scholastici
793 2792 991 2840 Byzantini.

268 2853 297 2895 ⁵)
327 2850 408 2886 Non
440 2852 511 2896 est,
541 2861 605 2887 cur
636 2860 717 2886 cum
748 2850 924 2887 Mtinzelio
957 2851 993 2886 in
1023 2851 1201 2896 capitibus
1235 2854 1393 2896 18—23‚
1424 2861 1517 2895 quae
1549 2861 1637 2896 prae

1388 2919 1429 2955 4*
