2096 3129
1601 121 1655 169 95

175 246 311 288 docles
352 243 567 293 constituit,
611 232 897 295 comparantur,
941 254 1017 294 qua
1060 242 1109 283 de
1151 254 1195 284 re
1236 254 1364 294 neque
1407 244 1449 283 in
1495 242 1656 283 scholiis

173 313 375 356 Hesiodeis
412 324 539 364 neque
577 312 682 364 apud
719 312 935 352 Diaconum
973 312 1180 363 quicquam
1214 312 1419 352 invenitur.
1430 313 1460 363 ¹)
1523 312 1654 362 Atque

174 383 289 422 etiam
318 381 528 431 explicatio
557 380 671 420 Caeli
698 383 803 419 ortus
831 377 886 433 (p.
907 380 1176 429 29,10-12)
1205 382 1245 418 et
1273 380 1466 429 allegoria
1493 379 1602 419 Caeli
1631 391 1655 417 a

173 450 339 491 Saturno
379 447 525 488 exsecti
563 449 603 488 et
636 446 790 487 Saturni
830 460 854 487 a
886 447 980 487 Iove
1014 447 1135 487 vincti
1170 446 1328 488 Cornuti
1355 447 1514 499 propria
1542 446 1654 496 est.²)

286 515 354 556 Ad
382 517 577 554 Zenonem
611 515 716 554 hunc
745 516 1076 563 commentarium,
1115 516 1266 553 etiamsi
1294 517 1507 554 nonnullae
1535 516 1655 553 inter-

173 584 426 635 pretationes,
466 594 565 632 quae
603 583 645 621 in
680 595 726 621 eo
760 584 906 631 insunt,
946 583 994 622 ab
1031 584 1102 621 illo
1138 583 1322 621 inventae
1342 582 1530 621 videntur
1558 594 1654 630 esse,

172 649 435 690 revocandum
464 662 544 689 non
572 661 656 689 esse
685 650 752 689 vel
780 649 871 689 inde
901 649 1125 698 concludas,
1154 649 1259 700 quod
1288 662 1312 688 a
1339 649 1506 689 Cornuto
1526 649 1653 689 'Pheo-

173 717 313 767 goniae
357 729 394 756 v,
420 717 497 755 119
545 717 764 767 respicitur,
812 728 927 767 quem
974 708 1169 756 Zenonem
1215 716 1451 756 subditivum
1498 716 1653 755 duxisse

173 785 314 825 scimus
348 796 370 824 e
403 784 552 824 scholio
581 784 632 823 ad
662 797 698 824 v.
715 786 793 823 117
825 784 1020 835 adscripto
1050 788 1121 834 (=
1149 783 1195 823 fr.
1219 784 1331 833 105):
1367 779 1392 825 ὁ
1423 778 1579 839 Ζήνων
1608 781 1655 823 δὲ

173 848 198 894 ὁ
221 846 424 901 Στωικὸς
453 848 502 892 ἐκ
531 851 614 893 τοί
645 842 789 906 ὑγροῦ
818 847 900 907 τὴν
927 847 1229 906 ὑποστάθμην
1258 850 1341 907 γῆν
1360 850 1654 907 γεγεννῆσθαί

175 929 330 975 φησιν,
372 918 527 974 τρίτον
571 917 618 961 δὲ
648 912 830 973 ’Ἔρωτα
873 919 1120 974 γεγονέναι,
1165 912 1277 961 ὅθεν
1316 916 1341 961 ὁ
1382 916 1655 974 ἐπαγόμενος

174 980 399 1027 ἄθετεῖται
439 986 596 1040 στίχος.
607 988 639 1037 ³)
702 987 856 1026 Saturni
895 990 1023 1026 autem
1060 988 1342 1037 interpretatio,
1382 998 1459 1036 qua
1493 983 1655 1040 χρόνος

173 1055 424 1105 intellegitur,
468 1054 686 1105 Chrysippo
731 1055 923 1095 recentior
961 1057 1020 1095 est
1059 1054 1125 1104 (cf.
1159 1054 1374 1094 Reinhardt
1408 1067 1445 1105 p.
1472 1056 1525 1094 77
1543 1056 1655 1105 sqq.).

175 1122 342 1162 Cratetis
372 1133 464 1161 vero
500 1121 700 1161 doctrinae
729 1123 932 1173 vestigium
967 1123 1008 1161 in
1036 1123 1083 1162 iis
1112 1134 1297 1172 agnosco,
1336 1134 1435 1172 quae
1465 1122 1654 1162 Cornutus

174 1202 210 1238 p.
232 1190 298 1238 29,
314 1189 339 1228 5
369 1189 484 1236 dicit3
511 1190 626 1228 illum
655 1190 774 1237 enim,
803 1202 903 1239 quae
933 1189 981 1228 de
1010 1193 1137 1229 terrae
1165 1189 1290 1229 forma
1318 1189 1486 1229 rotunda
1515 1190 1655 1238 docuit,

174 1257 290 1296 etiam
334 1255 384 1296 ad
422 1256 633 1296 Hesiodum
672 1256 949 1307 explicandum
986 1256 1208 1297 adhibuisse
1246 1259 1398 1297 constat
1436 1257 1655 1297 testimonio

175 1325 322 1364 scholio
361 1325 411 1363 ad
451 1324 600 1374 Theog.
638 1337 675 1363 v.
705 1326 783 1363 126
819 1325 1033 1374 adscripto:
1071 1317 1169 1365 ἀλλ’
1208 1321 1232 1365 ὁ
1270 1320 1443 1378 Κράτης
1483 1321 1655 1378 ἀπορεῖ,

175 1388 331 1445 λέγων,
361 1388 399 1432 εἰ
428 1386 510 1445 γὰρ
540 1387 651 1442 ἴσον,
680 1391 777 1440 πῶς
805 1386 989 1432 δύναται
1018 1387 1281 1440 wiennam
1310 1389 1425 1444 λέγει
1446 1384 1532 1432 οὖν
1551 1389 1652 1432 ἴσον

176 1451 336 1511 ὅμοιον
382 1458 446 1512 τῷ
494 1454 697 1512 σχήματι,
746 1458 1018 1512 σφαιροειδῆ,
1065 1459 1131 1513 τῷ
1171 1457 1348 1512 μεγέθει
1392 1457 1440 1500 δὲ
1481 1451 1658 1511 ἄπειρο-

176 1521 380 1567 πλάσιον.
430 1525 666 1573 Quibuscum
697 1525 874 1565 conferas
903 1526 1063 1566 Cornuti
1090 1526 1205 1566 haec:
1236 1521 1355 1567 καθὸ
1384 1524 1459 1566 καὶ
1488 1523 1657 1567 τούτου

175 1593 367 1646 τυχοῦσα
402 1589 429 1648 ἡ
457 1593 525 1646 Γῆ
558 1593 820 1648 παραχρῆμα
854 1589 1153 1648 ὁμοιόσχημον
1188 1590 1297 1646 αὐτῇ
1331 1589 1414 1634 τὸν
1452 1587 1659 1646 Οὐρανὸν

176 1657 410 1714 ἐγέννησεν
434 1661 487 1710 (p.
504 1660 568 1708 29,
581 1659 636 1710 5).
681 1660 758 1699 Sed
783 1671 874 1699 num
895 1654 1027 1700 Crates
1052 1661 1369 1700 commentarium
1388 1661 1429 1699 in
1447 1660 1657 1700 Hesiodum

154 1777 157 1780 ὴ
176 1727 442 1778 composuerit,
463 1727 648 1766 Ernestus
662 1727 803 1776 Maass,
822 1727 969 1766 Aratea
987 1729 1024 1777 p'.
1041 1728 1133 1776 213,
1153 1727 1241 1766 adn.
1258 1728 1284 1766 4
1304 1728 1345 1766 in
1366 1727 1522 1766 dubium
1543 1731 1658 1767 vocat

289 1882 317 1927 ¹)
346 1881 468 1917 Primo
499 1881 630 1918 obtutu
652 1881 779 1917 mirum
802 1881 948 1917 videtur
971 1892 1067 1927 esse,
1099 1881 1199 1927 quod
1221 1881 1401 1918 Cornutus
1423 1892 1459 1927 p.
1477 1884 1530 1926 28,
1543 1884 1655 1927 3sqq.

176 1937 300 1973 mundi
323 1937 498 1983 originem
520 1941 639 1974 narrat
661 1948 832 1974 versuum
854 1937 1119 1974 Hesiodeorum
1142 1937 1302 1974 ordinem
1326 1941 1492 1984 secutus,
1514 1949 1550 1984 p.
1568 1941 1621 1982 29,
1635 1941 1655 1973 5

174 1996 294 2030 autem
326 1994 602 2040 explicationem
624 1994 724 2030 Caeli
746 2003 768 2030 a
790 1994 903 2031 Terra
931 1994 1111 2040 procreati
1141 1994 1351 2039 transponit.
1397 1993 1471 2030 Sed
1498 1997 1588 2040 puto
1617 1994 1655 2029 id

175 2060 273 2086 mera
302 2049 561 2095 interpretandi
590 2051 651 2086 via
674 2050 840 2096 expediri
861 2061 982 2096 posse.
1028 2050 1063 2086 A
1086 2050 1184 2086 Chao
1209 2050 1368 2095 explicat
1390 2050 1548 2086 Erebum
1570 2061 1655 2096 pro·

176 2098 336 2143 creatum
359 2116 454 2152 esse,
477 2107 516 2142 id
540 2110 598 2143 est
620 2107 706 2153 vim,
728 2116 802 2153 qua
824 2106 1010 2151 efficiatur,
1035 2109 1076 2142 ut
1098 2106 1249 2142 alterum
1267 2106 1380 2143 altero
1397 2107 1500 2151 quasi
1516 2116 1656 2143 camera

175 2165 320 2207 tegatur
352 2164 431 2200 sive
468 2163 794 2208 circumfundatur3
825 2163 918 2200 hanc
946 2163 1019 2200 vim
1050 2163 1157 2200 etiam
1188 2163 1321 2200 Terrae
1350 2162 1522 2199 tributam
1553 2173 1654 2206 esse;

179 2227 284 2263 quam
308 2230 332 2255 a
353 2229 394 2255 se
416 2229 608 2265 procreare
632 2219 798 2265 Caelum,
829 2219 892 2265 qui
915 2229 1008 2262 eam,
1033 2222 1074 2255 ut
1096 2219 1143 2255 sit
1165 2219 1321 2255 rotunda
1343 2219 1459 2254 forma
1481 2219 1655 2264 aequalis,

178 2273 379 2312 circumdet
411 2279 449 2312 et
479 2276 802 2322 circumplectatur.
848 2276 919 2312 Hic
948 2286 1093 2322 quoque
1125 2275 1304 2312 Cornutus
1335 2285 1378 2311 ea
1408 2275 1502 2311 inter
1531 2285 1571 2311 se
1596 2286 1655 2311 co—

179 2330 303 2376 nectit,
325 2341 419 2376 quae
443 2332 596 2368 eandem
620 2333 656 2368 in
678 2332 855 2368 rationem
877 2332 1066 2378 physicam
1089 2331 1200 2377 cogit.

287 2398 317 2443 ²)
339 2398 490 2436 Cornuti
511 2399 609 2435 haud
633 2399 820 2436 dissimilia
840 2399 1009 2445 leguntur
1024 2399 1061 2435 in
1076 2398 1192 2435 schol.
1207 2398 1254 2435 ad
1269 2399 1357 2434 Hes.
1373 2398 1513 2443 Theog.
1537 2408 1573 2434 v.
1591 2401 1655 2434 178

177 2455 216 2489 et
237 2462 297 2499 ap.
314 2454 473 2491 Macrob.
497 2455 532 2491 S.
548 2455 567 2491 1
584 2459 614 2501 8,
628 2459 648 2491 5
661 2466 741 2501 sqq.
765 2455 937 2501 (fortasse
953 2465 1000 2492 ex
1015 2455 1242 2501 Apollodoro
1266 2453 1313 2490 cf.
1329 2453 1538 2490 Hefermehl
1559 2464 1596 2499 p.
1612 2456 1656 2489 29

176 2509 257 2546 adn.
271 2509 318 2554 7).
348 2510 455 2547 Aliae
471 2512 743 2558 explanationes
758 2514 903 2548 exstant
916 2511 1029 2548 schol.
1044 2511 1092 2547 ad
1108 2511 1193 2548 Hes.
1208 2511 1348 2556 Theog.
1363 2521 1398 2546 v.
1411 2513 1477 2545 459
1490 2511 1527 2555 (e
1542 2510 1656 2556 Chry-

176 2565 299 2610 sippo)
328 2566 428 2610 apud
456 2567 530 2603 Cic.
560 2567 608 2603 de
629 2572 702 2603 nat.
727 2567 827 2603 deor.
850 2567 888 2602 Π
904 2571 946 2602 62
976 2568 1014 2612 (e
1036 2567 1249 2611 Posidonio)
1279 2565 1489 2602 'rex-tullian.
1513 2565 1561 2601 ad
1583 2570 1656 2601 nat.

176 2620 213 2657 11
227 2623 280 2657 12.
322 2621 479 2668 August.
503 2623 551 2660 de
574 2623 643 2660 civ.
667 2623 728 2661 dei
750 2623 822 2661 VII
841 2626 882 2660 19
905 2623 984 2670 (VI,
1000 2624 1048 2670 8),
1078 2623 1116 2669 (e
1133 2623 1319 2668 Varrone).
1347 2642 1391 2648 —
1418 2621 1586 2668 Fulgeut.
1601 2621 1620 2657 1
1635 2624 1656 2658 2

178 2688 214 2722 p.
233 2680 273 2713 17
287 2677 331 2713 H.
355 2677 469 2723 Myth.
485 2679 567 2717 Vat.
584 2680 701 2725 Ι102;
724 2680 810 2716 111.

289 2745 318 2791 ⁸)
342 2744 397 2782 Cf.
420 2745 546 2783 Rzach
569 2746 617 2783 ad
639 2758 675 2784 v.
691 2750 765 2785 119.
