<?xml version="1.0" encoding="UTF-8"?>
<!DOCTYPE html PUBLIC "-//W3C//DTD XHTML 1.0 Transitional//EN"
    "http://www.w3.org/TR/xhtml1/DTD/xhtml1-transitional.dtd">
<html xmlns="http://www.w3.org/1999/xhtml" xml:lang="en" lang="en">
 <head>
  <title>
</title>
<meta http-equiv="Content-Type" content="text/html;charset=utf-8" />
  <meta name='ocr-system' content='tesseract 3.04.00' />
  <meta name='ocr-capabilities' content='ocr_page ocr_carea ocr_par ocr_line ocrx_word'/>
</head>
<body>
  <div class='ocr_page' id='page_1' title='image "4738063_0091.png"; bbox 0 0 2096 3129; ppageno 0'>
   <div class='ocr_carea' id='block_1_1' title="bbox 389 164 442 201">
    <p class='ocr_par' dir='ltr' id='par_1_1' title="bbox 389 164 442 201">
     <span class='ocr_line' id='line_1_1' title="bbox 389 164 442 201; baseline 0 0"><span class='ocrx_word' id='word_1_1' title='bbox 389 164 442 201; x_wconf 80' lang='lat'><strong>72</strong></span> 
     </span>
    </p>
   </div>
   <div class='ocr_carea' id='block_1_2' title="bbox 380 273 1875 1941">
    <p class='ocr_par' dir='ltr' id='par_1_2' title="bbox 382 273 1875 1200">
     <span class='ocr_line' id='line_1_2' title="bbox 387 273 1873 325; baseline -0.001 -11"><span class='ocrx_word' id='word_1_2' title='bbox 387 275 582 324; x_wconf 80' lang='lat' dir='ltr'>scribitur,</span> <span class='ocrx_word' id='word_1_3' title='bbox 620 276 661 314; x_wconf 86' lang='lat' dir='ltr'><strong>in</strong></span> <span class='ocrx_word' id='word_1_4' title='bbox 695 275 830 325; x_wconf 89' lang='lat' dir='ltr'><strong>primis</strong></span> <span class='ocrx_word' id='word_1_5' title='bbox 868 277 1028 325; x_wconf 89' lang='lat' dir='ltr'><strong>propter</strong></span> <span class='ocrx_word' id='word_1_6' title='bbox 1057 275 1160 315; x_wconf 86' lang='lat' dir='ltr'><strong>Semi</strong></span> <span class='ocrx_word' id='word_1_7' title='bbox 1189 273 1428 322; x_wconf 78' lang='lat' dir='ltr'><strong>memoriam,</strong></span> <span class='ocrx_word' id='word_1_8' title='bbox 1467 285 1567 323; x_wconf 85' lang='lat' dir='ltr'><strong>quae</strong></span> <span class='ocrx_word' id='word_1_9' title='bbox 1597 284 1873 325; x_wconf 72' lang='lat' dir='ltr'><strong>saepenumero</strong></span> 
     </span>
     <span class='ocr_line' id='line_1_3' title="bbox 387 339 1875 393; baseline -0.001 -12"><span class='ocrx_word' id='word_1_10' title='bbox 387 342 636 393; x_wconf 86' lang='lat' dir='ltr'>Apollodoro</span> <span class='ocrx_word' id='word_1_11' title='bbox 663 341 836 390; x_wconf 86' lang='lat' dir='ltr'><strong>debetur,</strong></span> <span class='ocrx_word' id='word_1_12' title='bbox 848 344 877 392; x_wconf 84' lang='grc'><strong>1)</strong></span> <span class='ocrx_word' id='word_1_13' title='bbox 906 343 1038 382; x_wconf 89' lang='lat' dir='ltr'><strong>nescio</strong></span> <span class='ocrx_word' id='word_1_14' title='bbox 1059 355 1110 381; x_wconf 91' lang='lat' dir='ltr'><strong>an</strong></span> <span class='ocrx_word' id='word_1_15' title='bbox 1128 345 1249 381; x_wconf 90' lang='lat' dir='ltr'><strong>totum</strong></span> <span class='ocrx_word' id='word_1_16' title='bbox 1269 341 1467 381; x_wconf 79' lang='lat' dir='ltr'><strong>Athenaei</strong></span> <span class='ocrx_word' id='word_1_17' title='bbox 1485 341 1615 380; x_wconf 90' lang='lat' dir='ltr'><strong>locum</strong></span> <span class='ocrx_word' id='word_1_18' title='bbox 1635 339 1875 392; x_wconf 87' lang='lat' dir='ltr'>Apollodori</span> 
     </span>
     <span class='ocr_line' id='line_1_4' title="bbox 387 408 1874 460; baseline -0.002 -11"><span class='ocrx_word' id='word_1_19' title='bbox 387 422 436 449; x_wconf 87' lang='lat' dir='ltr'><strong>ex</strong></span> <span class='ocrx_word' id='word_1_20' title='bbox 465 422 582 460; x_wconf 86' lang='lat' dir='ltr'><strong>opere</strong></span> <span class='ocrx_word' id='word_1_21' title='bbox 611 410 792 449; x_wconf 88' lang='lat' dir='ltr'><strong>haustum</strong></span> <span class='ocrx_word' id='word_1_22' title='bbox 821 421 906 459; x_wconf 82' lang='lat' dir='ltr'><strong>esse</strong></span> <span class='ocrx_word' id='word_1_23' title='bbox 936 410 1184 449; x_wconf 90' lang='lat' dir='ltr'><strong>statuendum</strong></span> <span class='ocrx_word' id='word_1_24' title='bbox 1213 411 1276 449; x_wconf 88' lang='lat' dir='ltr'><strong>sit:</strong></span> <span class='ocrx_word' id='word_1_25' title='bbox 1307 408 1355 448; x_wconf 87' lang='lat' dir='ltr'><strong>cf.</strong></span> <span class='ocrx_word' id='word_1_26' title='bbox 1385 420 1471 447; x_wconf 92' lang='lat' dir='ltr'><strong>cum</strong></span> <span class='ocrx_word' id='word_1_27' title='bbox 1492 408 1736 448; x_wconf 88' lang='lat' dir='ltr'><strong>Cornutianis</strong></span> <span class='ocrx_word' id='word_1_28' title='bbox 1755 420 1874 458; x_wconf 89' lang='lat' dir='ltr'><strong>supra</strong></span> 
     </span>
     <span class='ocr_line' id='line_1_5' title="bbox 386 466 1873 532; baseline 0 -16"><span class='ocrx_word' id='word_1_29' title='bbox 386 476 567 517; x_wconf 83' lang='lat' dir='ltr'><strong>exhibitis</strong></span> <span class='ocrx_word' id='word_1_30' title='bbox 588 476 703 516; x_wconf 85' lang='lat' dir='ltr'><strong>haec:</strong></span> <span class='ocrx_word' id='word_1_31' title='bbox 739 472 985 530; x_wconf 77' lang='grc' dir='ltr'><em>Φιλόχορος</em></span> <span class='ocrx_word' id='word_1_32' title='bbox 1006 475 1054 518; x_wconf 86' lang='grc' dir='ltr'><strong>δέ</strong></span> <span class='ocrx_word' id='word_1_33' title='bbox 1073 488 1208 532; x_wconf 85' lang='grc' dir='ltr'><em>φησιν</em></span> <span class='ocrx_word' id='word_1_34' title='bbox 1223 476 1345 529; x_wconf 84' lang='lat' dir='ltr'>(FHG</span> <span class='ocrx_word' id='word_1_35' title='bbox 1364 476 1384 514; x_wconf 94' lang='lat'><strong>1</strong></span> <span class='ocrx_word' id='word_1_36' title='bbox 1399 476 1497 526; x_wconf 89' lang='grc'>387)</span> <span class='ocrx_word' id='word_1_37' title='bbox 1519 466 1589 516; x_wconf 85' lang='grc' dir='ltr'><strong>ὅτι</strong></span> <span class='ocrx_word' id='word_1_38' title='bbox 1609 475 1651 516; x_wconf 76' lang='grc' dir='ltr'><strong>οὶ</strong></span> <span class='ocrx_word' id='word_1_39' title='bbox 1667 473 1873 524; x_wconf 84' lang='grc' dir='ltr'><em>πίνοντες</em></span> 
     </span>
     <span class='ocr_line' id='line_1_6' title="bbox 386 537 1872 598; baseline -0.002 -13"><span class='ocrx_word' id='word_1_40' title='bbox 386 537 444 585; x_wconf 77' lang='grc' dir='ltr'><strong>οὐ</strong></span> <span class='ocrx_word' id='word_1_41' title='bbox 472 541 616 598; x_wconf 85' lang='grc' dir='ltr'><em>μόνον</em></span> <span class='ocrx_word' id='word_1_42' title='bbox 647 539 834 593; x_wconf 73' lang='grc' dir='ltr'><em>ἑαυτοὺς</em></span> <span class='ocrx_word' id='word_1_43' title='bbox 860 542 1178 597; x_wconf 77' lang='grc' dir='ltr'>ἐμφανίζουσιν</span> <span class='ocrx_word' id='word_1_44' title='bbox 1208 542 1369 592; x_wconf 79' lang='grc' dir='ltr'><em>οἵτινές</em></span> <span class='ocrx_word' id='word_1_45' title='bbox 1394 541 1515 593; x_wconf 84' lang='grc' dir='ltr'><em>εἰσιν,</em></span> <span class='ocrx_word' id='word_1_46' title='bbox 1546 539 1660 583; x_wconf 80' lang='grc' dir='ltr'><strong>ἀλλὰ</strong></span> <span class='ocrx_word' id='word_1_47' title='bbox 1686 541 1872 583; x_wconf 78' lang='grc' dir='ltr'><em>καὶτῶν</em></span> 
     </span>
     <span class='ocr_line' id='line_1_7' title="bbox 385 601 1873 665; baseline -0.001 -14"><span class='ocrx_word' id='word_1_48' title='bbox 385 604 540 651; x_wconf 79' lang='grc' dir='ltr'><em>ἄλλων</em></span> <span class='ocrx_word' id='word_1_49' title='bbox 580 607 768 652; x_wconf 78' lang='grc' dir='ltr'><em>ἕκαστον</em></span> <span class='ocrx_word' id='word_1_50' title='bbox 809 604 1174 652; x_wconf 79' lang='grc' dir='ltr'><strong><em>ἀνακαλύπτουσι</em></strong></span> <span class='ocrx_word' id='word_1_51' title='bbox 1212 609 1461 665; x_wconf 80' lang='grc' dir='ltr'><em>παρρησίαν</em></span> <span class='ocrx_word' id='word_1_52' title='bbox 1501 602 1696 663; x_wconf 82' lang='grc' dir='ltr'><em>ἄγοντες.</em></span> <span class='ocrx_word' id='word_1_53' title='bbox 1761 601 1873 649; x_wconf 77' lang='grc' dir='ltr'><em>ὅθεν</em></span> 
     </span>
     <span class='ocr_line' id='line_1_8' title="bbox 382 669 1873 732; baseline -0.003 -14"><span class='ocrx_word' id='word_1_54' title='bbox 382 672 529 726; x_wconf 60' lang='grc' dir='ltr'><em>(οἶνος</em></span> <span class='ocrx_word' id='word_1_55' title='bbox 567 676 641 717; x_wconf 86' lang='grc' dir='ltr'><strong>καὶ</strong></span> <span class='ocrx_word' id='word_1_56' title='bbox 682 670 887 732; x_wconf 79' lang='grc' dir='ltr'><em>ἀλήθεια’</em></span> <span class='ocrx_word' id='word_1_57' title='bbox 927 678 1084 727; x_wconf 83' lang='lat' dir='ltr'><strong>(Alcaei</strong></span> <span class='ocrx_word' id='word_1_58' title='bbox 1118 677 1164 716; x_wconf 87' lang='lat' dir='ltr'><strong>fr.</strong></span> <span class='ocrx_word' id='word_1_59' title='bbox 1186 678 1256 727; x_wconf 91' lang='grc'><strong>57)</strong></span> <span class='ocrx_word' id='word_1_60' title='bbox 1296 676 1467 730; x_wconf 80' lang='grc' dir='ltr'><em>λέγεται</em></span> <span class='ocrx_word' id='word_1_61' title='bbox 1505 675 1579 716; x_wconf 88' lang='grc' dir='ltr'><strong>καὶ</strong></span> <span class='ocrx_word' id='word_1_62' title='bbox 1617 671 1796 729; x_wconf 56' lang='grc' dir='ltr'><em>(ἀνδρὸς</em></span> <span class='ocrx_word' id='word_1_63' title='bbox 1835 669 1873 714; x_wconf 79' lang='lat'><strong>‹5&#39;</strong></span> 
     </span>
     <span class='ocr_line' id='line_1_9' title="bbox 383 731 1873 799; baseline -0.001 -14"><span class='ocrx_word' id='word_1_64' title='bbox 383 731 542 799; x_wconf 80' lang='grc' dir='ltr'><strong>(οἶνος)</strong></span> <span class='ocrx_word' id='word_1_65' title='bbox 581 741 716 797; x_wconf 75' lang='grc' dir='ltr'><em>ἔδειξε</em></span> <span class='ocrx_word' id='word_1_66' title='bbox 752 740 881 786; x_wconf 79' lang='grc' dir='ltr'><em>νόον’</em></span> <span class='ocrx_word' id='word_1_67' title='bbox 908 745 1101 796; x_wconf 83' lang='lat' dir='ltr'><strong>(Theogn.</strong></span> <span class='ocrx_word' id='word_1_68' title='bbox 1123 745 1220 794; x_wconf 89' lang='grc'>500)</span> <span class='ocrx_word' id='word_1_69' title='bbox 1256 742 1330 785; x_wconf 80' lang='grc' dir='ltr'><strong>καὶ</strong></span> <span class='ocrx_word' id='word_1_70' title='bbox 1359 738 1412 785; x_wconf 85' lang='grc' dir='ltr'><strong>τὸ</strong></span> <span class='ocrx_word' id='word_1_71' title='bbox 1444 739 1698 799; x_wconf 79' lang='grc' dir='ltr'><em>νικητήριον</em></span> <span class='ocrx_word' id='word_1_72' title='bbox 1727 739 1775 784; x_wconf 79' lang='grc' dir='ltr'><strong>ἐν</strong></span> <span class='ocrx_word' id='word_1_73' title='bbox 1804 742 1873 784; x_wconf 90' lang='grc' dir='ltr'><strong>Δι-</strong></span> 
     </span>
     <span class='ocr_line' id='line_1_10' title="bbox 385 810 1872 866; baseline -0.003 -12"><span class='ocrx_word' id='word_1_74' title='bbox 385 810 553 854; x_wconf 86' lang='grc' dir='ltr'><em>ονύσου</em></span> <span class='ocrx_word' id='word_1_75' title='bbox 583 811 783 866; x_wconf 84' lang='grc' dir='ltr'><strong><em>τρίπους.</em></strong></span> <span class='ocrx_word' id='word_1_76' title='bbox 833 813 1006 852; x_wconf 85' lang='lat' dir='ltr'><strong>Eandem</strong></span> <span class='ocrx_word' id='word_1_77' title='bbox 1035 813 1116 852; x_wconf 84' lang='lat' dir='ltr'><strong>fere</strong></span> <span class='ocrx_word' id='word_1_78' title='bbox 1146 814 1334 852; x_wconf 87' lang='lat' dir='ltr'><strong>rationem</strong></span> <span class='ocrx_word' id='word_1_79' title='bbox 1365 816 1481 863; x_wconf 90' lang='lat' dir='ltr'><strong>atque</strong></span> <span class='ocrx_word' id='word_1_80' title='bbox 1505 824 1582 862; x_wconf 91' lang='lat' dir='ltr'><strong>qua</strong></span> <span class='ocrx_word' id='word_1_81' title='bbox 1601 811 1734 851; x_wconf 88' lang='lat' dir='ltr'><strong>Liberi</strong></span> <span class='ocrx_word' id='word_1_82' title='bbox 1752 812 1872 862; x_wconf 89' lang='lat' dir='ltr'><strong>patris</strong></span> 
     </span>
     <span class='ocr_line' id='line_1_11' title="bbox 385 879 1873 930; baseline -0.001 -12"><span class='ocrx_word' id='word_1_83' title='bbox 385 880 507 930; x_wconf 87' lang='lat' dir='ltr'><strong>figura</strong></span> <span class='ocrx_word' id='word_1_84' title='bbox 552 880 603 919; x_wconf 91' lang='lat' dir='ltr'><strong>ad</strong></span> <span class='ocrx_word' id='word_1_85' title='bbox 642 881 724 918; x_wconf 90' lang='lat' dir='ltr'><strong>vini</strong></span> <span class='ocrx_word' id='word_1_86' title='bbox 767 882 944 919; x_wconf 87' lang='lat' dir='ltr'><strong>naturam</strong></span> <span class='ocrx_word' id='word_1_87' title='bbox 984 882 1022 919; x_wconf 89' lang='lat' dir='ltr'><strong>et</strong></span> <span class='ocrx_word' id='word_1_88' title='bbox 1061 880 1253 919; x_wconf 86' lang='lat' dir='ltr'><strong>ebriorum</strong></span> <span class='ocrx_word' id='word_1_89' title='bbox 1292 891 1419 919; x_wconf 87' lang='lat' dir='ltr'><strong>mores</strong></span> <span class='ocrx_word' id='word_1_90' title='bbox 1455 879 1636 927; x_wconf 87' lang='lat' dir='ltr'><strong>refertur,</strong></span> <span class='ocrx_word' id='word_1_91' title='bbox 1679 890 1796 928; x_wconf 86' lang='lat' dir='ltr'><strong>supra</strong></span> <span class='ocrx_word' id='word_1_92' title='bbox 1832 879 1873 916; x_wconf 90' lang='lat' dir='ltr'><strong>in</strong></span> 
     </span>
     <span class='ocr_line' id='line_1_12' title="bbox 387 946 1873 998; baseline -0.001 -12"><span class='ocrx_word' id='word_1_93' title='bbox 387 948 580 998; x_wconf 87' lang='lat' dir='ltr'><strong>allegoria</strong></span> <span class='ocrx_word' id='word_1_94' title='bbox 600 946 803 998; x_wconf 83' lang='lat' dir='ltr'><strong>Cupidinis</strong></span> <span class='ocrx_word' id='word_1_95' title='bbox 831 947 1040 997; x_wconf 89' lang='lat' dir='ltr'><strong>insignium</strong></span> <span class='ocrx_word' id='word_1_96' title='bbox 1061 947 1361 986; x_wconf 86' lang='lat' dir='ltr'><strong>observavimus.</strong></span> <span class='ocrx_word' id='word_1_97' title='bbox 1410 947 1590 986; x_wconf 87' lang='lat' dir='ltr'><strong>Similiter</strong></span> <span class='ocrx_word' id='word_1_98' title='bbox 1609 948 1735 985; x_wconf 89' lang='lat' dir='ltr'><strong>autem</strong></span> <span class='ocrx_word' id='word_1_99' title='bbox 1756 948 1873 995; x_wconf 84' lang='lat' dir='ltr'><strong>atque</strong></span> 
     </span>
     <span class='ocr_line' id='line_1_13' title="bbox 384 1010 1872 1066; baseline -0.001 -14"><span class='ocrx_word' id='word_1_100' title='bbox 384 1014 531 1053; x_wconf 88' lang='lat' dir='ltr'><strong>Bacchi</strong></span> <span class='ocrx_word' id='word_1_101' title='bbox 578 1014 673 1053; x_wconf 91' lang='lat' dir='ltr'><strong>nudi</strong></span> <span class='ocrx_word' id='word_1_102' title='bbox 719 1018 884 1053; x_wconf 87' lang='lat' dir='ltr'><strong>statuam</strong></span> <span class='ocrx_word' id='word_1_103' title='bbox 934 1015 1124 1054; x_wconf 87' lang='lat' dir='ltr'><strong>Cornutus</strong></span> <span class='ocrx_word' id='word_1_104' title='bbox 1173 1026 1388 1064; x_wconf 84' lang='lat' dir='ltr'><strong>cognomen</strong></span> <span class='ocrx_word' id='word_1_105' title='bbox 1437 1010 1711 1066; x_wconf 76' lang='grc' dir='ltr'><em>διθύραμβος</em></span> <span class='ocrx_word' id='word_1_106' title='bbox 1755 1014 1872 1051; x_wconf 86' lang='lat' dir='ltr'><strong>inter-</strong></span> 
     </span>
     <span class='ocr_line' id='line_1_14' title="bbox 383 1073 1871 1135; baseline -0.001 -14"><span class='ocrx_word' id='word_1_107' title='bbox 383 1084 557 1132; x_wconf 84' lang='lat' dir='ltr'><strong>pretatur</strong></span> <span class='ocrx_word' id='word_1_108' title='bbox 595 1094 632 1132; x_wconf 90' lang='lat' dir='ltr'><strong>p.</strong></span> <span class='ocrx_word' id='word_1_109' title='bbox 661 1082 726 1130; x_wconf 84' lang='lat'><strong>61,</strong></span> <span class='ocrx_word' id='word_1_110' title='bbox 751 1082 914 1120; x_wconf 87' lang='lat'><strong>11-13</strong></span> <span class='ocrx_word' id='word_1_111' title='bbox 957 1081 1023 1132; x_wconf 86' lang='lat' dir='ltr'><strong>(cf.</strong></span> <span class='ocrx_word' id='word_1_112' title='bbox 1061 1079 1135 1121; x_wconf 85' lang='grc' dir='ltr'><strong>καὶ</strong></span> <span class='ocrx_word' id='word_1_113' title='bbox 1183 1078 1508 1135; x_wconf 78' lang='grc' dir='ltr'><em>ἐκφερομυθεῑν</em></span> <span class='ocrx_word' id='word_1_114' title='bbox 1549 1075 1605 1121; x_wconf 84' lang='grc' dir='ltr'><strong>τὰ</strong></span> <span class='ocrx_word' id='word_1_115' title='bbox 1642 1073 1871 1134; x_wconf 79' lang='grc' dir='ltr'><em>ἀπόρρητα</em></span> 
     </span>
     <span class='ocr_line' id='line_1_15' title="bbox 384 1149 602 1200; baseline -0.009 -10"><span class='ocrx_word' id='word_1_116' title='bbox 384 1149 602 1200; x_wconf 69' lang='grc' dir='ltr'><strong>ποιοῦν).2)</strong></span> 
     </span>
    </p>

    <p class='ocr_par' dir='ltr' id='par_1_3' title="bbox 380 1216 1872 1941">
     <span class='ocr_line' id='line_1_16' title="bbox 504 1216 1872 1268; baseline -0.002 -11"><span class='ocrx_word' id='word_1_117' title='bbox 504 1217 631 1268; x_wconf 83' lang='lat' dir='ltr'><strong>Supra</strong></span> <span class='ocrx_word' id='word_1_118' title='bbox 661 1216 845 1256; x_wconf 85' lang='lat' dir='ltr'><strong>adnotavi</strong></span> <span class='ocrx_word' id='word_1_119' title='bbox 875 1217 1069 1255; x_wconf 87' lang='lat' dir='ltr'><strong>Eustathii</strong></span> <span class='ocrx_word' id='word_1_120' title='bbox 1099 1220 1136 1256; x_wconf 88' lang='lat' dir='ltr'><strong>et</strong></span> <span class='ocrx_word' id='word_1_121' title='bbox 1157 1217 1316 1257; x_wconf 91' lang='lat' dir='ltr'><strong>Cornuti</strong></span> <span class='ocrx_word' id='word_1_122' title='bbox 1344 1229 1381 1267; x_wconf 91' lang='lat' dir='ltr'><strong>p.</strong></span> <span class='ocrx_word' id='word_1_123' title='bbox 1403 1217 1467 1265; x_wconf 83' lang='lat'><strong>60,</strong></span> <span class='ocrx_word' id='word_1_124' title='bbox 1488 1217 1536 1254; x_wconf 92' lang='grc'><strong>18</strong></span> <span class='ocrx_word' id='word_1_125' title='bbox 1567 1216 1872 1266; x_wconf 67' lang='lat' dir='ltr'><strong>congruentiam</strong></span> 
     </span>
     <span class='ocr_line' id='line_1_17' title="bbox 384 1283 1872 1334; baseline -0.001 -11"><span class='ocrx_word' id='word_1_126' title='bbox 384 1296 511 1334; x_wconf 85' lang='lat' dir='ltr'><strong>neque</strong></span> <span class='ocrx_word' id='word_1_127' title='bbox 548 1284 704 1324; x_wconf 91' lang='lat' dir='ltr'><strong>dubium</strong></span> <span class='ocrx_word' id='word_1_128' title='bbox 740 1286 815 1332; x_wconf 89' lang='lat' dir='ltr'><strong>est,</strong></span> <span class='ocrx_word' id='word_1_129' title='bbox 856 1285 949 1334; x_wconf 90' lang='lat' dir='ltr'><strong>quin</strong></span> <span class='ocrx_word' id='word_1_130' title='bbox 985 1285 1131 1332; x_wconf 90' lang='lat' dir='ltr'><strong>omnia,</strong></span> <span class='ocrx_word' id='word_1_131' title='bbox 1171 1296 1271 1334; x_wconf 85' lang='lat' dir='ltr'><strong>quae</strong></span> <span class='ocrx_word' id='word_1_132' title='bbox 1307 1283 1355 1323; x_wconf 91' lang='lat' dir='ltr'><strong>de</strong></span> <span class='ocrx_word' id='word_1_133' title='bbox 1392 1284 1624 1323; x_wconf 88' lang='lat' dir='ltr'><strong>animalibus</strong></span> <span class='ocrx_word' id='word_1_134' title='bbox 1659 1286 1697 1322; x_wconf 92' lang='lat' dir='ltr'><strong>et</strong></span> <span class='ocrx_word' id='word_1_135' title='bbox 1724 1283 1872 1333; x_wconf 86' lang='lat' dir='ltr'><strong>plantis</strong></span> 
     </span>
     <span class='ocr_line' id='line_1_18' title="bbox 385 1351 1871 1402; baseline -0.001 -11"><span class='ocrx_word' id='word_1_136' title='bbox 385 1352 533 1392; x_wconf 91' lang='lat' dir='ltr'><strong>Bacchi</strong></span> <span class='ocrx_word' id='word_1_137' title='bbox 569 1352 690 1391; x_wconf 88' lang='lat' dir='ltr'><strong>sacris</strong></span> <span class='ocrx_word' id='word_1_138' title='bbox 718 1351 982 1402; x_wconf 82' lang='lat' dir='ltr'><strong>proferuntur,</strong></span> <span class='ocrx_word' id='word_1_139' title='bbox 1022 1364 1070 1391; x_wconf 86' lang='lat' dir='ltr'><strong>ex</strong></span> <span class='ocrx_word' id='word_1_140' title='bbox 1099 1352 1338 1402; x_wconf 87' lang='lat' dir='ltr'><strong>Apollodori</strong></span> <span class='ocrx_word' id='word_1_141' title='bbox 1367 1364 1484 1402; x_wconf 88' lang='lat' dir='ltr'><strong>opere</strong></span> <span class='ocrx_word' id='word_1_142' title='bbox 1514 1351 1716 1401; x_wconf 89' lang='lat' dir='ltr'><strong>desumpta</strong></span> <span class='ocrx_word' id='word_1_143' title='bbox 1745 1352 1830 1390; x_wconf 90' lang='lat' dir='ltr'><strong>sint.</strong></span> <span class='ocrx_word' id='word_1_144' title='bbox 1840 1352 1871 1400; x_wconf 85' lang='grc'><strong>3)</strong></span> 
     </span>
     <span class='ocr_line' id='line_1_19' title="bbox 384 1418 1870 1469; baseline -0.001 -11"><span class='ocrx_word' id='word_1_145' title='bbox 384 1419 496 1466; x_wconf 85' lang='lat' dir='ltr'><strong>Quod</strong></span> <span class='ocrx_word' id='word_1_146' title='bbox 526 1420 669 1469; x_wconf 89' lang='lat' dir='ltr'><strong>optime</strong></span> <span class='ocrx_word' id='word_1_147' title='bbox 697 1419 884 1469; x_wconf 88' lang='lat' dir='ltr'><strong>probatur</strong></span> <span class='ocrx_word' id='word_1_148' title='bbox 914 1431 970 1467; x_wconf 90' lang='lat' dir='ltr'><strong>eo,</strong></span> <span class='ocrx_word' id='word_1_149' title='bbox 1000 1419 1104 1468; x_wconf 91' lang='lat' dir='ltr'><strong>quod</strong></span> <span class='ocrx_word' id='word_1_150' title='bbox 1133 1418 1358 1457; x_wconf 85' lang='lat' dir='ltr'><strong>Eustathius</strong></span> <span class='ocrx_word' id='word_1_151' title='bbox 1387 1431 1448 1468; x_wconf 87' lang='lat' dir='ltr'><strong>ap.</strong></span> <span class='ocrx_word' id='word_1_152' title='bbox 1478 1419 1712 1457; x_wconf 75' lang='lat' dir='ltr'><strong>Mnnzelium</strong></span> <span class='ocrx_word' id='word_1_153' title='bbox 1741 1430 1778 1468; x_wconf 90' lang='lat' dir='ltr'><strong>p.</strong></span> <span class='ocrx_word' id='word_1_154' title='bbox 1801 1419 1870 1455; x_wconf 86' lang='lat'><strong>33:</strong></span> 
     </span>
     <span class='ocr_line' id='line_1_20' title="bbox 382 1477 1872 1538; baseline -0.001 -12"><span class='ocrx_word' id='word_1_155' title='bbox 382 1478 505 1527; x_wconf 77' lang='grc' dir='ltr'><em>οὕτω</em></span> <span class='ocrx_word' id='word_1_156' title='bbox 536 1483 611 1526; x_wconf 81' lang='grc' dir='ltr'><strong>καὶ</strong></span> <span class='ocrx_word' id='word_1_157' title='bbox 642 1479 751 1525; x_wconf 77' lang='grc' dir='ltr'><em>ἄλλα</em></span> <span class='ocrx_word' id='word_1_158' title='bbox 780 1482 884 1525; x_wconf 86' lang='grc' dir='ltr'><em>τινά</em></span> <span class='ocrx_word' id='word_1_159' title='bbox 912 1494 1027 1526; x_wconf 88' lang='grc' dir='ltr'><em>τισιν</em></span> <span class='ocrx_word' id='word_1_160' title='bbox 1049 1480 1304 1526; x_wconf 79' lang='grc' dir='ltr'><em>ἀνάκεινται</em></span> <span class='ocrx_word' id='word_1_161' title='bbox 1331 1479 1405 1526; x_wconf 84' lang='grc' dir='ltr'><strong>διὰ</strong></span> <span class='ocrx_word' id='word_1_162' title='bbox 1429 1482 1582 1538; x_wconf 82' lang='grc' dir='ltr'><em>ὁμοίας</em></span> <span class='ocrx_word' id='word_1_163' title='bbox 1609 1482 1751 1532; x_wconf 78' lang='grc' dir='ltr'><em>αἰτίας</em></span> <span class='ocrx_word' id='word_1_164' title='bbox 1772 1477 1872 1525; x_wconf 79' lang='grc' dir='ltr'><em>οἶον</em></span> 
     </span>
     <span class='ocr_line' id='line_1_21' title="bbox 382 1542 1870 1606; baseline -0.001 -13"><span class='ocrx_word' id='word_1_165' title='bbox 382 1549 585 1606; x_wconf 80' lang='grc' dir='ltr'><em>Διονύσῳ</em></span> <span class='ocrx_word' id='word_1_166' title='bbox 615 1548 792 1601; x_wconf 81' lang='grc' dir='ltr'><em>κισσός·</em></span> <span class='ocrx_word' id='word_1_167' title='bbox 822 1548 1029 1606; x_wconf 84' lang='grc' dir='ltr'><em>κισσητός</em></span> <span class='ocrx_word' id='word_1_168' title='bbox 1060 1548 1141 1605; x_wconf 80' lang='grc' dir='ltr'><strong>γὰρ</strong></span> <span class='ocrx_word' id='word_1_169' title='bbox 1164 1549 1187 1591; x_wconf 88' lang='grc' dir='ltr'><em>ὁ</em></span> <span class='ocrx_word' id='word_1_170' title='bbox 1210 1547 1344 1600; x_wconf 80' lang='grc' dir='ltr'><em>οἶνος,</em></span> <span class='ocrx_word' id='word_1_171' title='bbox 1374 1542 1429 1592; x_wconf 78' lang='grc' dir='ltr'><strong>οὗ</strong></span> <span class='ocrx_word' id='word_1_172' title='bbox 1451 1548 1586 1606; x_wconf 83' lang='grc' dir='ltr'><em>δοτὴρ</em></span> <span class='ocrx_word' id='word_1_173' title='bbox 1608 1548 1632 1592; x_wconf 87' lang='grc' dir='ltr'>ὁ</span> <span class='ocrx_word' id='word_1_174' title='bbox 1656 1547 1870 1598; x_wconf 89' lang='grc' dir='ltr'><em>Διόνυσος</em></span> 
     </span>
     <span class='ocr_line' id='line_1_22' title="bbox 382 1619 1870 1670; baseline -0.002 -10"><span class='ocrx_word' id='word_1_175' title='bbox 382 1622 553 1660; x_wconf 79' lang='lat' dir='ltr'><strong>concinit</strong></span> <span class='ocrx_word' id='word_1_176' title='bbox 583 1633 669 1659; x_wconf 90' lang='lat' dir='ltr'><strong>cum</strong></span> <span class='ocrx_word' id='word_1_177' title='bbox 699 1621 812 1660; x_wconf 91' lang='lat' dir='ltr'><strong>Corn.</strong></span> <span class='ocrx_word' id='word_1_178' title='bbox 842 1633 878 1670; x_wconf 93' lang='lat' dir='ltr'><strong>p.</strong></span> <span class='ocrx_word' id='word_1_179' title='bbox 902 1621 966 1668; x_wconf 86' lang='lat'><strong>62,</strong></span> <span class='ocrx_word' id='word_1_180' title='bbox 983 1621 1007 1657; x_wconf 84' lang='lat'><strong>2</strong></span> <span class='ocrx_word' id='word_1_181' title='bbox 1024 1631 1106 1669; x_wconf 91' lang='lat' dir='ltr'><strong>sqq.</strong></span> <span class='ocrx_word' id='word_1_182' title='bbox 1157 1621 1240 1659; x_wconf 86' lang='lat' dir='ltr'><strong>Huc</strong></span> <span class='ocrx_word' id='word_1_183' title='bbox 1267 1620 1419 1659; x_wconf 86' lang='lat' dir='ltr'><strong>accedit</strong></span> <span class='ocrx_word' id='word_1_184' title='bbox 1439 1619 1639 1658; x_wconf 87' lang='lat' dir='ltr'><strong>Plutarchi</strong></span> <span class='ocrx_word' id='word_1_185' title='bbox 1661 1630 1870 1658; x_wconf 90' lang='lat' dir='ltr'><strong>consensus</strong></span> 
     </span>
     <span class='ocr_line' id='line_1_23' title="bbox 381 1682 1870 1738; baseline 0 -12"><span class='ocrx_word' id='word_1_186' title='bbox 381 1688 553 1738; x_wconf 79' lang='lat' dir='ltr'><strong>(Quaest.</strong></span> <span class='ocrx_word' id='word_1_187' title='bbox 585 1688 737 1726; x_wconf 91' lang='lat' dir='ltr'><strong>conviv.</strong></span> <span class='ocrx_word' id='word_1_188' title='bbox 757 1688 817 1726; x_wconf 93' lang='lat'><strong>111</strong></span> <span class='ocrx_word' id='word_1_189' title='bbox 845 1700 882 1737; x_wconf 93' lang='lat' dir='ltr'><strong>p.</strong></span> <span class='ocrx_word' id='word_1_190' title='bbox 906 1688 986 1726; x_wconf 88' lang='lat'><strong>648</strong></span> <span class='ocrx_word' id='word_1_191' title='bbox 1008 1688 1078 1736; x_wconf 88' lang='lat' dir='ltr'><strong>E):</strong></span> <span class='ocrx_word' id='word_1_192' title='bbox 1120 1684 1144 1726; x_wconf 85' lang='grc' dir='ltr'>ὁ</span> <span class='ocrx_word' id='word_1_193' title='bbox 1185 1686 1396 1738; x_wconf 79' lang='grc' dir='ltr'><em>φίλτατος</em></span> <span class='ocrx_word' id='word_1_194' title='bbox 1435 1682 1649 1735; x_wconf 84' lang='grc' dir='ltr'><em>Διόνυσος</em></span> <span class='ocrx_word' id='word_1_195' title='bbox 1687 1682 1769 1738; x_wconf 76' lang='grc' dir='ltr'><strong>οὐχ</strong></span> <span class='ocrx_word' id='word_1_196' title='bbox 1809 1682 1870 1732; x_wconf 75' lang='grc' dir='ltr'><strong>ὥς</strong></span> 
     </span>
     <span class='ocr_line' id='line_1_24' title="bbox 380 1749 1871 1809; baseline -0.002 -14"><span class='ocrx_word' id='word_1_197' title='bbox 380 1752 555 1809; x_wconf 78' lang='grc' dir='ltr'><em>βοηθὸν</em></span> <span class='ocrx_word' id='word_1_198' title='bbox 586 1753 661 1795; x_wconf 79' lang='grc' dir='ltr'><strong>ἐπὶ</strong></span> <span class='ocrx_word' id='word_1_199' title='bbox 690 1750 771 1809; x_wconf 79' lang='grc' dir='ltr'><strong>τὴν</strong></span> <span class='ocrx_word' id='word_1_200' title='bbox 798 1753 943 1808; x_wconf 82' lang='grc' dir='ltr'><em>μέθην</em></span> <span class='ocrx_word' id='word_1_201' title='bbox 972 1749 1066 1795; x_wconf 76' lang='grc' dir='ltr'><strong>οὐδ’</strong></span> <span class='ocrx_word' id='word_1_202' title='bbox 1087 1751 1146 1802; x_wconf 74' lang='grc' dir='ltr'><strong>ὥς</strong></span> <span class='ocrx_word' id='word_1_203' title='bbox 1170 1753 1386 1807; x_wconf 81' lang='grc' dir='ltr'><em>πολέμιον</em></span> <span class='ocrx_word' id='word_1_204' title='bbox 1406 1755 1470 1807; x_wconf 82' lang='grc' dir='ltr'><strong>τῷ</strong></span> <span class='ocrx_word' id='word_1_205' title='bbox 1486 1752 1596 1808; x_wconf 82' lang='grc' dir='ltr'><em>οἴνῳ</em></span> <span class='ocrx_word' id='word_1_206' title='bbox 1614 1750 1697 1808; x_wconf 81' lang='grc' dir='ltr'><strong>τὸν</strong></span> <span class='ocrx_word' id='word_1_207' title='bbox 1717 1749 1871 1794; x_wconf 85' lang='grc' dir='ltr'><em>κιττὸν</em></span> 
     </span>
     <span class='ocr_line' id='line_1_25' title="bbox 380 1813 1870 1876; baseline -0.001 -14"><span class='ocrx_word' id='word_1_208' title='bbox 380 1817 624 1876; x_wconf 83' lang='grc' dir='ltr'><em>ἐπήγαγεν·</em></span> <span class='ocrx_word' id='word_1_209' title='bbox 663 1815 711 1870; x_wconf 79' lang='grc' dir='ltr'><strong>ὃς</strong></span> <span class='ocrx_word' id='word_1_210' title='bbox 742 1835 789 1874; x_wconf 85' lang='grc' dir='ltr'><strong>γε</strong></span> <span class='ocrx_word' id='word_1_211' title='bbox 820 1815 902 1862; x_wconf 82' lang='grc' dir='ltr'><strong>τὸν</strong></span> <span class='ocrx_word' id='word_1_212' title='bbox 932 1814 1129 1875; x_wconf 80' lang='grc' dir='ltr'><em>ἄκρατον</em></span> <span class='ocrx_word' id='word_1_213' title='bbox 1159 1815 1368 1874; x_wconf 82' lang='grc' dir='ltr'><em>ἄντικρυς</em></span> <span class='ocrx_word' id='word_1_214' title='bbox 1396 1813 1552 1874; x_wconf 60' lang='lat' dir='ltr'><strong>‘ue&#39;flv’</strong></span> <span class='ocrx_word' id='word_1_215' title='bbox 1583 1819 1657 1861; x_wconf 84' lang='grc' dir='ltr'><strong>καὶ</strong></span> <span class='ocrx_word' id='word_1_216' title='bbox 1681 1818 1870 1873; x_wconf 71' lang='grc' dir='ltr'><strong>&lt;μεθυμ-</strong></span> 
     </span>
     <span class='ocr_line' id='line_1_26' title="bbox 381 1881 1866 1941; baseline -0.001 -12"><span class='ocrx_word' id='word_1_217' title='bbox 381 1883 528 1929; x_wconf 76' lang='grc' dir='ltr'><em>ναῖον’</em></span> <span class='ocrx_word' id='word_1_218' title='bbox 564 1882 699 1937; x_wconf 73' lang='grc' dir='ltr'><em>αὐτὸς</em></span> <span class='ocrx_word' id='word_1_219' title='bbox 731 1885 875 1929; x_wconf 78' lang='grc' dir='ltr'><em>αὐτὸν</em></span> <span class='ocrx_word' id='word_1_220' title='bbox 909 1884 1141 1941; x_wconf 81' lang='grc' dir='ltr'><em>ω’νόμασεν</em></span> <span class='ocrx_word' id='word_1_221' title='bbox 1169 1920 1178 1929; x_wconf 91' lang='grc'><strong>.</strong></span> <span class='ocrx_word' id='word_1_222' title='bbox 1202 1920 1210 1928; x_wconf 93' lang='grc'><strong>.</strong></span> <span class='ocrx_word' id='word_1_223' title='bbox 1234 1920 1242 1928; x_wconf 93' lang='grc'><strong>.</strong></span> <span class='ocrx_word' id='word_1_224' title='bbox 1275 1889 1338 1939; x_wconf 84' lang='lat' dir='ltr'><strong>(F)</strong></span> <span class='ocrx_word' id='word_1_225' title='bbox 1372 1884 1560 1941; x_wconf 80' lang='grc' dir='ltr'><em>μάλιστα</em></span> <span class='ocrx_word' id='word_1_226' title='bbox 1595 1885 1640 1928; x_wconf 80' lang='grc' dir='ltr'><strong>δ’</strong></span> <span class='ocrx_word' id='word_1_227' title='bbox 1674 1881 1807 1936; x_wconf 76' lang='grc' dir='ltr'><em>αὐτὸς</em></span> <span class='ocrx_word' id='word_1_228' title='bbox 1842 1884 1866 1928; x_wconf 89' lang='grc' dir='ltr'>ὁ</span> 
     </span>
    </p>
   </div>
   <div class='ocr_carea' id='block_1_3' title="bbox 379 1980 649 1985">
    <p class='ocr_par' dir='ltr' id='par_1_4' title="bbox 379 1980 649 1985">
     <span class='ocr_line' id='line_1_27' title="bbox 379 1980 649 1985; baseline 0 0"><span class='ocrx_word' id='word_1_229' title='bbox 379 1980 649 1985; x_wconf 95' lang='lat' dir='ltr'><strong> </strong></span> 
     </span>
    </p>
   </div>
   <div class='ocr_carea' id='block_1_4' title="bbox 377 2042 1871 2820">
    <p class='ocr_par' dir='ltr' id='par_1_5' title="bbox 379 2042 1869 2258">
     <span class='ocr_line' id='line_1_28' title="bbox 495 2042 1869 2090; baseline -0.001 -10"><span class='ocrx_word' id='word_1_230' title='bbox 495 2044 523 2090; x_wconf 89' lang='lat'><strong>¹)</strong></span> <span class='ocrx_word' id='word_1_231' title='bbox 546 2043 602 2081; x_wconf 86' lang='lat' dir='ltr'><strong>Cf.</strong></span> <span class='ocrx_word' id='word_1_232' title='bbox 626 2042 761 2080; x_wconf 85' lang='lat' dir='ltr'><strong>Athen.</strong></span> <span class='ocrx_word' id='word_1_233' title='bbox 779 2047 844 2080; x_wconf 88' lang='grc'><strong>618</strong></span> <span class='ocrx_word' id='word_1_234' title='bbox 855 2054 885 2089; x_wconf 92' lang='lat' dir='ltr'><strong>e,</strong></span> <span class='ocrx_word' id='word_1_235' title='bbox 910 2043 973 2080; x_wconf 92' lang='lat' dir='ltr'><strong>ubi</strong></span> <span class='ocrx_word' id='word_1_236' title='bbox 996 2042 1247 2090; x_wconf 89' lang='lat' dir='ltr'><strong>Apollodorea</strong></span> <span class='ocrx_word' id='word_1_237' title='bbox 1270 2043 1373 2090; x_wconf 80' lang='lat' dir='ltr'><strong>origo</strong></span> <span class='ocrx_word' id='word_1_238' title='bbox 1398 2046 1542 2080; x_wconf 81' lang='lat' dir='ltr'><strong>constat</strong></span> <span class='ocrx_word' id='word_1_239' title='bbox 1565 2043 1696 2081; x_wconf 88' lang='lat' dir='ltr'><strong>scholii</strong></span> <span class='ocrx_word' id='word_1_240' title='bbox 1711 2043 1782 2089; x_wconf 83' lang='lat' dir='ltr'><strong>Ap.</strong></span> <span class='ocrx_word' id='word_1_241' title='bbox 1799 2043 1869 2080; x_wconf 89' lang='lat' dir='ltr'><strong>Rh.</strong></span> 
     </span>
     <span class='ocr_line' id='line_1_29' title="bbox 379 2099 1869 2146; baseline -0.001 -10"><span class='ocrx_word' id='word_1_242' title='bbox 379 2101 396 2136; x_wconf 96' lang='lat' dir='ltr'>I</span> <span class='ocrx_word' id='word_1_243' title='bbox 421 2113 455 2136; x_wconf 93' lang='lat' dir='ltr'><strong>v.</strong></span> <span class='ocrx_word' id='word_1_244' title='bbox 472 2104 538 2136; x_wconf 81' lang='lat'><strong>972</strong></span> <span class='ocrx_word' id='word_1_245' title='bbox 564 2104 601 2136; x_wconf 90' lang='lat' dir='ltr'><strong>et</strong></span> <span class='ocrx_word' id='word_1_246' title='bbox 622 2100 751 2136; x_wconf 87' lang='lat' dir='ltr'><strong>scholii</strong></span> <span class='ocrx_word' id='word_1_247' title='bbox 766 2100 922 2136; x_wconf 86' lang='lat' dir='ltr'><strong>Theocr.</strong></span> <span class='ocrx_word' id='word_1_248' title='bbox 937 2101 972 2135; x_wconf 91' lang='lat' dir='ltr'><strong>X</strong></span> <span class='ocrx_word' id='word_1_249' title='bbox 997 2112 1030 2135; x_wconf 92' lang='lat' dir='ltr'><strong>v.</strong></span> <span class='ocrx_word' id='word_1_250' title='bbox 1048 2104 1087 2136; x_wconf 84' lang='grc'><strong>41</strong></span> <span class='ocrx_word' id='word_1_251' title='bbox 1109 2101 1169 2145; x_wconf 91' lang='lat'><strong>(=</strong></span> <span class='ocrx_word' id='word_1_252' title='bbox 1183 2099 1226 2136; x_wconf 87' lang='lat' dir='ltr'><strong>fr.</strong></span> <span class='ocrx_word' id='word_1_253' title='bbox 1244 2101 1303 2145; x_wconf 82' lang='lat'><strong>37)</strong></span> <span class='ocrx_word' id='word_1_254' title='bbox 1319 2101 1565 2146; x_wconf 80' lang='lat' dir='ltr'><strong>congruentia.</strong></span> <span class='ocrx_word' id='word_1_255' title='bbox 1605 2100 1662 2136; x_wconf 89' lang='lat' dir='ltr'><strong>Cf.</strong></span> <span class='ocrx_word' id='word_1_256' title='bbox 1679 2100 1869 2145; x_wconf 87' lang='lat' dir='ltr'><strong>Susemihl‚</strong></span> 
     </span>
     <span class='ocr_line' id='line_1_30' title="bbox 379 2156 1868 2203; baseline -0.001 -10"><span class='ocrx_word' id='word_1_257' title='bbox 379 2156 512 2193; x_wconf 87' lang='lat' dir='ltr'><strong>Gesch.</strong></span> <span class='ocrx_word' id='word_1_258' title='bbox 530 2157 565 2191; x_wconf 90' lang='lat' dir='ltr'><strong>d.</strong></span> <span class='ocrx_word' id='word_1_259' title='bbox 582 2167 635 2202; x_wconf 84' lang='lat' dir='ltr'><strong>gr.</strong></span> <span class='ocrx_word' id='word_1_260' title='bbox 653 2156 723 2191; x_wconf 90' lang='lat' dir='ltr'><strong>Lit.</strong></span> <span class='ocrx_word' id='word_1_261' title='bbox 739 2156 761 2191; x_wconf 92' lang='lat' dir='ltr'><strong>i.</strong></span> <span class='ocrx_word' id='word_1_262' title='bbox 779 2156 813 2191; x_wconf 92' lang='lat' dir='ltr'><strong>d.</strong></span> <span class='ocrx_word' id='word_1_263' title='bbox 831 2156 938 2192; x_wconf 84' lang='lat' dir='ltr'><strong>Alex.</strong></span> <span class='ocrx_word' id='word_1_264' title='bbox 956 2156 1035 2192; x_wconf 88' lang='lat' dir='ltr'><strong>Zeit</strong></span> <span class='ocrx_word' id='word_1_265' title='bbox 1051 2156 1068 2191; x_wconf 97' lang='lat' dir='ltr'>I</span> <span class='ocrx_word' id='word_1_266' title='bbox 1091 2167 1126 2202; x_wconf 91' lang='lat' dir='ltr'><strong>p.</strong></span> <span class='ocrx_word' id='word_1_267' title='bbox 1144 2159 1210 2193; x_wconf 83' lang='lat'><strong>698</strong></span> <span class='ocrx_word' id='word_1_268' title='bbox 1227 2157 1308 2193; x_wconf 87' lang='lat' dir='ltr'><strong>adn.</strong></span> <span class='ocrx_word' id='word_1_269' title='bbox 1327 2160 1392 2192; x_wconf 84' lang='lat'><strong>324</strong></span> <span class='ocrx_word' id='word_1_270' title='bbox 1403 2156 1438 2192; x_wconf 90' lang='lat' dir='ltr'><strong>b.</strong></span> <span class='ocrx_word' id='word_1_271' title='bbox 1484 2157 1599 2203; x_wconf 89' lang='lat' dir='ltr'><strong>Bapp,</strong></span> <span class='ocrx_word' id='word_1_272' title='bbox 1623 2157 1680 2193; x_wconf 90' lang='lat' dir='ltr'><strong>De</strong></span> <span class='ocrx_word' id='word_1_273' title='bbox 1695 2156 1868 2201; x_wconf 86' lang='lat' dir='ltr'><strong>fontibus,</strong></span> 
     </span>
     <span class='ocr_line' id='line_1_31' title="bbox 379 2211 1470 2258; baseline 0 -10"><span class='ocrx_word' id='word_1_274' title='bbox 379 2212 513 2257; x_wconf 89' lang='lat' dir='ltr'><strong>quibus</strong></span> <span class='ocrx_word' id='word_1_275' title='bbox 536 2211 668 2248; x_wconf 87' lang='lat' dir='ltr'><strong>Athen.</strong></span> <span class='ocrx_word' id='word_1_276' title='bbox 693 2223 781 2248; x_wconf 91' lang='lat' dir='ltr'><strong>usus</strong></span> <span class='ocrx_word' id='word_1_277' title='bbox 805 2212 863 2257; x_wconf 87' lang='lat' dir='ltr'><strong>sit,</strong></span> <span class='ocrx_word' id='word_1_278' title='bbox 888 2213 1009 2258; x_wconf 87' lang='lat' dir='ltr'><strong>Leipz.</strong></span> <span class='ocrx_word' id='word_1_279' title='bbox 1034 2212 1085 2248; x_wconf 88' lang='lat' dir='ltr'><strong>St.</strong></span> <span class='ocrx_word' id='word_1_280' title='bbox 1103 2213 1194 2249; x_wconf 92' lang='lat' dir='ltr'><strong>VIII</strong></span> <span class='ocrx_word' id='word_1_281' title='bbox 1219 2214 1340 2258; x_wconf 78' lang='grc'>(1885)</span> <span class='ocrx_word' id='word_1_282' title='bbox 1363 2225 1400 2258; x_wconf 89' lang='lat' dir='ltr'><strong>p.</strong></span> <span class='ocrx_word' id='word_1_283' title='bbox 1417 2217 1470 2248; x_wconf 88' lang='grc'><strong>99.</strong></span> 
     </span>
    </p>

    <p class='ocr_par' dir='ltr' id='par_1_6' title="bbox 378 2268 1871 2372">
     <span class='ocr_line' id='line_1_32' title="bbox 495 2268 1871 2314; baseline 0.001 -11"><span class='ocrx_word' id='word_1_284' title='bbox 495 2270 524 2314; x_wconf 83' lang='lat'><strong>²)</strong></span> <span class='ocrx_word' id='word_1_285' title='bbox 549 2268 649 2311; x_wconf 81' lang='lat' dir='ltr'><strong>Quae</strong></span> <span class='ocrx_word' id='word_1_286' title='bbox 672 2271 873 2314; x_wconf 88' lang='lat' dir='ltr'><strong>sequuntur</strong></span> <span class='ocrx_word' id='word_1_287' title='bbox 888 2268 1117 2314; x_wconf 82' lang='lat' dir='ltr'><strong>Apollodoro</strong></span> <span class='ocrx_word' id='word_1_288' title='bbox 1141 2269 1437 2306; x_wconf 84' lang='lat' dir='ltr'><strong>abiudicaverim:</strong></span> <span class='ocrx_word' id='word_1_289' title='bbox 1462 2279 1505 2306; x_wconf 81' lang='lat' dir='ltr'><strong>ea</strong></span> <span class='ocrx_word' id='word_1_290' title='bbox 1521 2269 1675 2306; x_wconf 80' lang='lat' dir='ltr'><strong>sortasse</strong></span> <span class='ocrx_word' id='word_1_291' title='bbox 1691 2269 1871 2305; x_wconf 87' lang='lat' dir='ltr'><strong>Cornutus</strong></span> 
     </span>
     <span class='ocr_line' id='line_1_33' title="bbox 378 2324 1783 2372; baseline 0.001 -12"><span class='ocrx_word' id='word_1_292' title='bbox 378 2325 457 2370; x_wconf 87' lang='lat' dir='ltr'><strong>ipse</strong></span> <span class='ocrx_word' id='word_1_293' title='bbox 482 2328 707 2360; x_wconf 88' lang='lat' dir='ltr'><strong>commentus</strong></span> <span class='ocrx_word' id='word_1_294' title='bbox 730 2328 797 2361; x_wconf 88' lang='lat' dir='ltr'><strong>est.</strong></span> <span class='ocrx_word' id='word_1_295' title='bbox 845 2324 900 2360; x_wconf 87' lang='lat' dir='ltr'><strong>cf.</strong></span> <span class='ocrx_word' id='word_1_296' title='bbox 924 2325 1038 2361; x_wconf 88' lang='lat' dir='ltr'><strong>schol.</strong></span> <span class='ocrx_word' id='word_1_297' title='bbox 1062 2324 1134 2371; x_wconf 91' lang='lat' dir='ltr'><strong>Ap.</strong></span> <span class='ocrx_word' id='word_1_298' title='bbox 1151 2326 1219 2361; x_wconf 86' lang='lat' dir='ltr'><strong>Rh.</strong></span> <span class='ocrx_word' id='word_1_299' title='bbox 1236 2326 1290 2363; x_wconf 90' lang='lat' dir='ltr'><strong>IV</strong></span> <span class='ocrx_word' id='word_1_300' title='bbox 1308 2328 1405 2362; x_wconf 87' lang='lat'><strong>1131.</strong></span> <span class='ocrx_word' id='word_1_301' title='bbox 1452 2326 1510 2362; x_wconf 83' lang='lat' dir='ltr'><strong>Et.</strong></span> <span class='ocrx_word' id='word_1_302' title='bbox 1535 2325 1630 2362; x_wconf 89' lang='lat' dir='ltr'><strong>Gud.</strong></span> <span class='ocrx_word' id='word_1_303' title='bbox 1653 2337 1689 2372; x_wconf 90' lang='lat' dir='ltr'><strong>p.</strong></span> <span class='ocrx_word' id='word_1_304' title='bbox 1710 2329 1783 2362; x_wconf 80' lang='lat'><strong>146.</strong></span> 
     </span>
    </p>

    <p class='ocr_par' dir='ltr' id='par_1_7' title="bbox 377 2381 1870 2820">
     <span class='ocr_line' id='line_1_34' title="bbox 492 2381 1868 2429; baseline 0.001 -12"><span class='ocrx_word' id='word_1_305' title='bbox 492 2384 522 2427; x_wconf 82' lang='lat'><strong>³)</strong></span> <span class='ocrx_word' id='word_1_306' title='bbox 546 2382 628 2417; x_wconf 87' lang='lat' dir='ltr'><strong>Non</strong></span> <span class='ocrx_word' id='word_1_307' title='bbox 659 2381 748 2418; x_wconf 90' lang='lat' dir='ltr'><strong>satis</strong></span> <span class='ocrx_word' id='word_1_308' title='bbox 779 2385 922 2418; x_wconf 86' lang='lat' dir='ltr'><strong>constat</strong></span> <span class='ocrx_word' id='word_1_309' title='bbox 945 2382 992 2418; x_wconf 87' lang='lat' dir='ltr'><strong>de</strong></span> <span class='ocrx_word' id='word_1_310' title='bbox 1017 2381 1119 2418; x_wconf 82' lang='lat' dir='ltr'><strong>fonte</strong></span> <span class='ocrx_word' id='word_1_311' title='bbox 1145 2394 1284 2427; x_wconf 88' lang='lat' dir='ltr'><strong>eorum,</strong></span> <span class='ocrx_word' id='word_1_312' title='bbox 1316 2393 1409 2429; x_wconf 89' lang='lat' dir='ltr'><strong>quae</strong></span> <span class='ocrx_word' id='word_1_313' title='bbox 1433 2383 1538 2420; x_wconf 90' lang='lat' dir='ltr'><strong>Corn.</strong></span> <span class='ocrx_word' id='word_1_314' title='bbox 1561 2395 1597 2429; x_wconf 91' lang='lat' dir='ltr'><strong>p.</strong></span> <span class='ocrx_word' id='word_1_315' title='bbox 1615 2386 1796 2429; x_wconf 83' lang='lat' dir='ltr'><strong>61,4sqq.</strong></span> <span class='ocrx_word' id='word_1_316' title='bbox 1821 2382 1868 2419; x_wconf 89' lang='lat' dir='ltr'><strong>de</strong></span> 
     </span>
     <span class='ocr_line' id='line_1_35' title="bbox 377 2435 1870 2486; baseline 0.001 -13"><span class='ocrx_word' id='word_1_317' title='bbox 377 2438 490 2474; x_wconf 87' lang='lat' dir='ltr'><strong>herba</strong></span> <span class='ocrx_word' id='word_1_318' title='bbox 513 2435 672 2484; x_wconf 78' lang='grc' dir='ltr'><strong>νάρθηξ,</strong></span> <span class='ocrx_word' id='word_1_319' title='bbox 706 2439 765 2474; x_wconf 90' lang='lat' dir='ltr'><strong>cui</strong></span> <span class='ocrx_word' id='word_1_320' title='bbox 787 2448 917 2474; x_wconf 85' lang='lat' dir='ltr'><strong>nomen</strong></span> <span class='ocrx_word' id='word_1_321' title='bbox 944 2442 1011 2484; x_wconf 88' lang='lat' dir='ltr'><strong>est,</strong></span> <span class='ocrx_word' id='word_1_322' title='bbox 1035 2440 1197 2485; x_wconf 81' lang='lat' dir='ltr'><strong>exponit,</strong></span> <span class='ocrx_word' id='word_1_323' title='bbox 1227 2440 1443 2485; x_wconf 88' lang='lat' dir='ltr'><strong>quibuscum</strong></span> <span class='ocrx_word' id='word_1_324' title='bbox 1467 2440 1720 2486; x_wconf 79' lang='lat' dir='ltr'><strong>coniungenda</strong></span> <span class='ocrx_word' id='word_1_325' title='bbox 1741 2439 1870 2485; x_wconf 85' lang='lat' dir='ltr'><strong>videri,</strong></span> 
     </span>
     <span class='ocr_line' id='line_1_36' title="bbox 378 2494 1869 2542; baseline 0.001 -12"><span class='ocrx_word' id='word_1_326' title='bbox 378 2505 471 2540; x_wconf 88' lang='lat' dir='ltr'><strong>quae</strong></span> <span class='ocrx_word' id='word_1_327' title='bbox 504 2494 551 2529; x_wconf 88' lang='lat' dir='ltr'><strong>de</strong></span> <span class='ocrx_word' id='word_1_328' title='bbox 584 2495 710 2540; x_wconf 88' lang='lat' dir='ltr'><strong>thyrso</strong></span> <span class='ocrx_word' id='word_1_329' title='bbox 740 2505 777 2539; x_wconf 88' lang='lat' dir='ltr'><strong>p.</strong></span> <span class='ocrx_word' id='word_1_330' title='bbox 795 2498 879 2539; x_wconf 77' lang='lat'><strong>00,1</strong></span> <span class='ocrx_word' id='word_1_331' title='bbox 896 2505 975 2540; x_wconf 87' lang='lat' dir='ltr'><strong>sqq.</strong></span> <span class='ocrx_word' id='word_1_332' title='bbox 1008 2495 1184 2540; x_wconf 78' lang='lat' dir='ltr'><strong>explicat,</strong></span> <span class='ocrx_word' id='word_1_333' title='bbox 1219 2506 1328 2542; x_wconf 86' lang='lat' dir='ltr'><strong>supra</strong></span> <span class='ocrx_word' id='word_1_334' title='bbox 1359 2496 1446 2531; x_wconf 85' lang='lat' dir='ltr'><strong>dixi.</strong></span> <span class='ocrx_word' id='word_1_335' title='bbox 1494 2497 1622 2542; x_wconf 87' lang='lat' dir='ltr'><strong>Neque</strong></span> <span class='ocrx_word' id='word_1_336' title='bbox 1653 2497 1746 2532; x_wconf 87' lang='lat' dir='ltr'><strong>enim</strong></span> <span class='ocrx_word' id='word_1_337' title='bbox 1776 2496 1869 2532; x_wconf 87' lang='lat' dir='ltr'><strong>hanc</strong></span> 
     </span>
     <span class='ocr_line' id='line_1_37' title="bbox 378 2551 1869 2594; baseline 0.001 -7"><span class='ocrx_word' id='word_1_338' title='bbox 378 2551 611 2594; x_wconf 86' lang='lat' dir='ltr'><strong>sententiam,</strong></span> <span class='ocrx_word' id='word_1_339' title='bbox 650 2561 732 2587; x_wconf 89' lang='lat' dir='ltr'><strong>cum</strong></span> <span class='ocrx_word' id='word_1_340' title='bbox 764 2551 945 2587; x_wconf 89' lang='lat' dir='ltr'><strong>Cornutus</strong></span> <span class='ocrx_word' id='word_1_341' title='bbox 978 2560 1050 2587; x_wconf 85' lang='lat' dir='ltr'><strong>non</strong></span> <span class='ocrx_word' id='word_1_342' title='bbox 1086 2552 1230 2588; x_wconf 84' lang='lat' dir='ltr'><strong>disertis</strong></span> <span class='ocrx_word' id='word_1_343' title='bbox 1264 2552 1388 2588; x_wconf 86' lang='lat' dir='ltr'><strong>verbis</strong></span> <span class='ocrx_word' id='word_1_344' title='bbox 1424 2552 1520 2589; x_wconf 86' lang='lat' dir='ltr'><strong>dicat</strong></span> <span class='ocrx_word' id='word_1_345' title='bbox 1554 2552 1704 2589; x_wconf 80' lang='lat' dir='ltr'><strong>ferulam</strong></span> <span class='ocrx_word' id='word_1_346' title='bbox 1734 2553 1869 2589; x_wconf 83' lang='lat' dir='ltr'><strong>Bacchi</strong></span> 
     </span>
     <span class='ocr_line' id='line_1_38' title="bbox 377 2607 1867 2653; baseline 0.003 -12"><span class='ocrx_word' id='word_1_347' title='bbox 377 2617 515 2642; x_wconf 87' lang='lat' dir='ltr'><strong>sacram</strong></span> <span class='ocrx_word' id='word_1_348' title='bbox 545 2617 645 2651; x_wconf 88' lang='lat' dir='ltr'><strong>esse,</strong></span> <span class='ocrx_word' id='word_1_349' title='bbox 676 2607 729 2642; x_wconf 91' lang='lat' dir='ltr'><strong>illi</strong></span> <span class='ocrx_word' id='word_1_350' title='bbox 758 2608 868 2652; x_wconf 87' lang='lat' dir='ltr'><strong>parti,</strong></span> <span class='ocrx_word' id='word_1_351' title='bbox 901 2617 973 2652; x_wconf 86' lang='lat' dir='ltr'><strong>qua</strong></span> <span class='ocrx_word' id='word_1_352' title='bbox 996 2608 1056 2642; x_wconf 90' lang='lat' dir='ltr'><strong>dei</strong></span> <span class='ocrx_word' id='word_1_353' title='bbox 1078 2619 1182 2643; x_wconf 79' lang='lat' dir='ltr'><strong>sacra</strong></span> <span class='ocrx_word' id='word_1_354' title='bbox 1203 2609 1504 2653; x_wconf 83' lang='lat' dir='ltr'><strong>perstringuntur,</strong></span> <span class='ocrx_word' id='word_1_355' title='bbox 1536 2608 1762 2644; x_wconf 84' lang='lat' dir='ltr'><strong>tribuendam</strong></span> <span class='ocrx_word' id='word_1_356' title='bbox 1786 2619 1867 2645; x_wconf 85' lang='lat' dir='ltr'><strong>esse</strong></span> 
     </span>
     <span class='ocr_line' id='line_1_39' title="bbox 377 2662 1865 2711; baseline 0.003 -14"><span class='ocrx_word' id='word_1_357' title='bbox 377 2673 444 2708; x_wconf 89' lang='lat' dir='ltr'><strong>pro</strong></span> <span class='ocrx_word' id='word_1_358' title='bbox 482 2666 583 2698; x_wconf 85' lang='lat' dir='ltr'><strong>certo</strong></span> <span class='ocrx_word' id='word_1_359' title='bbox 617 2663 840 2708; x_wconf 86' lang='lat' dir='ltr'><strong>pronuntiari</strong></span> <span class='ocrx_word' id='word_1_360' title='bbox 869 2662 965 2699; x_wconf 88' lang='lat' dir='ltr'><strong>licet.</strong></span> <span class='ocrx_word' id='word_1_361' title='bbox 1018 2663 1145 2710; x_wconf 87' lang='lat' dir='ltr'><strong>Itaque</strong></span> <span class='ocrx_word' id='word_1_362' title='bbox 1177 2664 1318 2700; x_wconf 85' lang='lat' dir='ltr'><strong>etiamsi</strong></span> <span class='ocrx_word' id='word_1_363' title='bbox 1349 2664 1561 2710; x_wconf 81' lang='lat' dir='ltr'><strong>explicatio,</strong></span> <span class='ocrx_word' id='word_1_364' title='bbox 1594 2675 1688 2711; x_wconf 90' lang='lat' dir='ltr'><strong>quae</strong></span> <span class='ocrx_word' id='word_1_365' title='bbox 1718 2676 1754 2711; x_wconf 91' lang='lat' dir='ltr'><strong>p.</strong></span> <span class='ocrx_word' id='word_1_366' title='bbox 1779 2667 1832 2711; x_wconf 85' lang='grc'><strong>61,</strong></span> <span class='ocrx_word' id='word_1_367' title='bbox 1848 2669 1865 2701; x_wconf 86' lang='grc'>7</span> 
     </span>
     <span class='ocr_line' id='line_1_40' title="bbox 378 2719 1869 2766; baseline 0.003 -12"><span class='ocrx_word' id='word_1_368' title='bbox 378 2722 514 2764; x_wconf 87' lang='lat' dir='ltr'><strong>exstat,</strong></span> <span class='ocrx_word' id='word_1_369' title='bbox 545 2730 617 2754; x_wconf 90' lang='lat' dir='ltr'><strong>non</strong></span> <span class='ocrx_word' id='word_1_370' title='bbox 650 2719 833 2755; x_wconf 87' lang='lat' dir='ltr'><strong>dissimilis</strong></span> <span class='ocrx_word' id='word_1_371' title='bbox 865 2720 914 2754; x_wconf 85' lang='lat' dir='ltr'><strong>sit</strong></span> <span class='ocrx_word' id='word_1_372' title='bbox 944 2720 1048 2763; x_wconf 90' lang='lat' dir='ltr'><strong>picae</strong></span> <span class='ocrx_word' id='word_1_373' title='bbox 1072 2720 1167 2756; x_wconf 87' lang='lat' dir='ltr'><strong>illius</strong></span> <span class='ocrx_word' id='word_1_374' title='bbox 1192 2731 1313 2756; x_wconf 83' lang='lat' dir='ltr'><strong>sacrae</strong></span> <span class='ocrx_word' id='word_1_375' title='bbox 1337 2721 1549 2766; x_wconf 84' lang='lat' dir='ltr'><strong>allegoriae,</strong></span> <span class='ocrx_word' id='word_1_376' title='bbox 1580 2721 1669 2757; x_wconf 85' lang='lat' dir='ltr'><strong>haec</strong></span> <span class='ocrx_word' id='word_1_377' title='bbox 1692 2725 1869 2758; x_wconf 84' lang='lat' dir='ltr'><strong>commata</strong></span> 
     </span>
     <span class='ocr_line' id='line_1_41' title="bbox 378 2774 1063 2820; baseline 0.003 -11"><span class='ocrx_word' id='word_1_378' title='bbox 378 2774 607 2820; x_wconf 87' lang='lat' dir='ltr'><strong>Apollodoro</strong></span> <span class='ocrx_word' id='word_1_379' title='bbox 631 2774 815 2811; x_wconf 86' lang='lat' dir='ltr'><strong>vindicare</strong></span> <span class='ocrx_word' id='word_1_380' title='bbox 840 2785 911 2811; x_wconf 92' lang='lat' dir='ltr'><strong>non</strong></span> <span class='ocrx_word' id='word_1_381' title='bbox 936 2776 1063 2811; x_wconf 87' lang='lat' dir='ltr'><strong>ausim.</strong></span> 
     </span>
    </p>
   </div>
  </div>
 </body>
</html>
