2096 3129
362 160 415 199 36

359 275 421 314 Ac
451 275 619 325 primum
650 273 803 324 quidem
834 273 1027 323 quomodo
1058 273 1153 313 deus
1182 273 1357 324 fingatur,
1387 270 1528 311 deinde
1547 271 1614 311 ubi
1633 271 1849 321 quibusque

361 343 570 392 generibus
609 342 657 380 ab
699 341 916 380 hominibus
958 342 1120 389 colatur,
1159 343 1371 386 enarratur,
1409 352 1486 389 qua
1518 340 1560 378 in
1589 339 1849 389 explicatione

361 421 440 448 non
477 410 608 458 inepte
653 409 770 447 etiam
808 408 908 446 ratio
955 403 1163 460 ἓρμαίων,
1203 420 1303 457 quae
1341 408 1530 454 dicuntur,
1568 406 1850 456 perstringitur.

361 477 433 515 His
468 476 638 526 peractis
669 476 790 514 series
819 475 1034 524 insequitur
1064 477 1350 525 cognominum,
1389 486 1487 525 quae
1517 473 1568 512 ad
1597 475 1851 513 mercatorum

362 548 401 583 et
434 543 559 582 furum
594 544 818 593 praestitem
854 546 893 581 et
927 543 1092 581 invicem
1130 543 1181 581 ad
1220 543 1365 582 ordinis
1403 546 1442 582 et
1479 543 1612 592 legum
1652 540 1849 580 custodem

361 612 567 662 pertinent.
616 611 710 650 Post
739 611 979 661 cognominis
1009 608 1205 664 κερδῷος
1234 611 1547 662 explanationem
1575 611 1736 661 propter
1754 609 1850 648 alle-

362 680 557 728 goriarum
597 679 906 727 similitudinem,
950 680 1094 729 quippe
1134 679 1273 728 quibus
1311 679 1543 718 Mercurium
1578 688 1694 717 verae
1734 676 1852 715 saluti

361 747 558 787 hominum
603 747 807 787 consulere
847 749 1074 797 exponatur,
1117 746 1284 796 additur,
1327 746 1421 797 quid
1459 746 1532 786 sibi
1568 745 1667 784 velit
1703 743 1851 791 fabula,

362 828 440 864 qua
469 828 555 854 eum
584 817 711 864 lyram
740 816 935 853 invenisse
963 815 1171 864 perhibent
1195 812 1261 866 (cf.
1281 827 1319 864 p.
1335 816 1400 863 25,
1418 817 1441 853 7
1464 811 1585 855 ώσὰν
1602 808 1740 866 μόνος
1758 812 1852 852 τῶν

364 875 596 937 ἀληθινῶν
626 879 799 936 κερδῶν
817 879 958 929 αἴτιος
979 874 1045 922 ὢν
1064 887 1159 930 τοῖς
1181 876 1444 935 ἀνθρώποις
1474 905 1528 912 -
1556 893 1593 932 p.
1615 881 1680 929 25,
1697 881 1720 919 9
1752 873 1852 920 οἷον

361 950 442 1003 τῆς
477 948 735 1002 συμφωνίας
774 949 848 990 καὶ
884 946 1122 1003 ὁμολογίας
1151 946 1259 990 καθ’
1289 944 1343 1004 ἢν
1380 946 1423 990 οἱ
1452 949 1615 1002 ζῶντες
1651 945 1854 999 εὐδαιμο-

363 1017 550 1067 νοῦσιν).
589 1017 667 1056 Sub
688 1017 804 1056 finem
825 1020 1021 1068 tamquam
1043 1018 1190 1068 epilogi
1209 1018 1299 1056 loco
1321 1017 1425 1067 quod
1441 1017 1653 1057 Mercurius
1673 1028 1752 1055 una
1767 1026 1853 1054 cum

363 1087 534 1125 Hercule
563 1086 604 1124 in
633 1086 844 1135 gymnasiis
873 1086 1026 1133 colitur,
1055 1085 1107 1124 ad
1134 1086 1332 1134 utriusque
1363 1084 1427 1124 dei
1454 1085 1649 1124 notionem
1678 1083 1854 1123 refertur.

477 1154 696 1203 Insequitur
748 1154 902 1192 illarum
956 1153 1247 1192 Homericarum
1299 1152 1520 1192 fabularum
1573 1152 1856 1203 interpretatio,

365 1233 480 1271 quam
510 1221 683 1260 concedo
713 1232 800 1260 cum
828 1221 1148 1260 antecedentibus
1168 1222 1279 1260 nullo
1300 1220 1415 1260 modo
1437 1220 1655 1260 cohaerere.
1666 1222 1696 1270 ¹)
1743 1220 1855 1258 Hanc

365 1292 515 1340 partem
553 1290 791 1328 extrinsecus
818 1289 860 1328 in
888 1289 1068 1328 libellum
1098 1289 1282 1328 insertam
1313 1300 1398 1328 esse
1426 1288 1642 1328 Reinhardt
1671 1289 1736 1327 vel
1763 1286 1854 1326 inde

367 1358 537 1407 colligit,
576 1356 681 1407 quod
719 1357 873 1407 capitis,
913 1368 988 1407 quo
1028 1357 1077 1396 de
1106 1357 1296 1396 Mercurio
1332 1357 1469 1406 agitur,
1508 1356 1688 1396 extremis
1726 1354 1856 1395 verbis

366 1426 550 1464 transitus
593 1428 750 1475 paretur
789 1425 840 1463 ad
879 1424 972 1464 deos
1011 1426 1149 1464 artium
1188 1426 1410 1475 praeststes,
1454 1425 1502 1463 de
1541 1424 1678 1474 quibus
1720 1426 1856 1474 agatur

369 1494 561 1543 capitibus
586 1494 761 1531 18—20.
811 1493 887 1531 Sed
908 1494 949 1531 iu
969 1494 1213 1532 enarratione
1232 1492 1454 1532 fabularum
1474 1491 1698 1532 Promethei
1717 1493 1765 1541 (c.
1789 1492 1855 1540 18)

368 1572 449 1599 non
478 1561 553 1600 nisi
583 1561 652 1599 sub
682 1559 797 1599 finem
826 1572 863 1610 p.
885 1560 949 1608 33,
971 1561 995 1598 6
1025 1560 1143 1609 idque
1173 1560 1298 1600 obiter
1327 1563 1366 1599 et
1395 1571 1441 1599 eo
1471 1560 1645 1607 consilio,
1674 1562 1717 1598 ut
1735 1559 1857 1598 oratio

369 1627 420 1666 ad
440 1628 657 1666 Vulcanum
687 1630 726 1666 et
745 1628 960 1666 Minervam
990 1628 1225 1676 traducatur,
1254 1629 1326 1667 ille
1356 1627 1451 1667 τῶν
1480 1626 1651 1680 τεχνῶν
1679 1628 1857 1665 inventor

368 1695 583 1743 inducitur;
623 1695 704 1734 illis
743 1697 871 1734 autem
910 1695 1056 1744 verbis,
1096 1707 1196 1746 quae
1225 1708 1262 1746 p.
1283 1696 1348 1745 26,
1367 1696 1420 1734 14
1449 1697 1643 1746 leguntur,
1682 1695 1713 1734 si
1743 1693 1856 1734 modo

370 1764 645 1803 sententiarum
686 1775 874 1802 conexum
910 1765 1091 1814 respicis,
1129 1766 1350 1814 palaestrae
1379 1767 1484 1803 artes
1515 1765 1711 1814 designari
1739 1765 1858 1802 mani-

369 1832 509 1872 festum
538 1835 606 1871 est.
653 1833 792 1881 Neque
821 1844 841 1871 e
871 1833 1134 1871 commentarii
1162 1832 1414 1882 Theogoniae
1439 1832 1658 1871 Hesiodeae
1689 1833 1859 1880 exordio,

370 1911 447 1949 quo
477 1899 694 1938 Hesiodeae
723 1899 882 1937 fabulae
908 1900 1124 1938 Homericis
1153 1903 1409 1950 opponuntur,
1437 1901 1726 1949 interpolatoris
1755 1901 1860 1938 mala

370 1980 433 2006 ars
473 1969 620 2006 elucet:
661 1980 750 2006 nam
788 1971 964 2017 apertum
994 1970 1053 2006 est
1081 1967 1156 2007 hoc
1185 1980 1264 2007 non
1293 1979 1406 2018 posse
1435 1968 1633 2017 intellegi,
1672 1968 1746 2006 nisi
1774 1980 1858 2007 cum

371 2035 553 2074 extremis
591 2034 704 2072 huius
741 2035 862 2083 partis
898 2035 1044 2083 verbis,
1085 2035 1133 2073 de
1169 2036 1308 2084 quibus
1338 2047 1456 2084 supra
1486 2036 1564 2084 egi,
1605 2035 1861 2084 coniungitur.

373 2104 432 2141 De
461 2103 735 2141 commentario
764 2103 848 2152 ipso
876 2102 979 2140 infra
1009 2103 1081 2141 erit
1109 2103 1288 2152 pluribus
1319 2102 1596 2142 disserendum.

487 2169 624 2208 Verbis
662 2168 722 2207 his
762 2169 844 2208 νῦν
884 2166 930 2209 δὲ
968 2166 1023 2210 τὰ
1061 2168 1307 2224 βεβοημένα
1345 2164 1466 2223 παρὰ
1504 2175 1599 2218 τοῖς
1636 2168 1861 2219 πλείστοις

372 2234 666 2277 ἐπισκεπτέον
708 2237 778 2274 illa
823 2237 1076 2287 Theogoniae
1119 2238 1335 2277 Hesiodeae
1384 2238 1701 2287 interpretatione
1744 2239 1862 2277 missa

373 2308 562 2355 perpetua
601 2304 823 2343 narratione
862 2304 1080 2354 disputatur
1118 2304 1166 2345 de
1202 2305 1433 2346 Prometheo
1460 2305 1638 2344 Vulcano
1677 2305 1861 2345 Minerva.

374 2373 434 2410 De
474 2373 537 2419 iis,
578 2371 718 2421 quibus
756 2370 913 2410 fabulae
948 2372 1170 2411 Promethei
1197 2374 1520 2423 perstringuntur,
1558 2375 1647 2422 post
1675 2384 1731 2420 ea,
1762 2385 1861 2422 quae

374 2451 492 2489 supra
530 2438 711 2486 disserui,
747 2438 814 2476 vix
842 2437 978 2487 habeo,
1014 2439 1120 2489 quod
1149 2439 1309 2479 addam:
1349 2440 1581 2478 narrationis
1609 2441 1754 2480 tractus
1783 2453 1861 2480 non

374 2508 614 2557 interruptus
643 2505 830 2556 procedit.
873 2507 1081 2556 Postquam
1111 2507 1172 2546 his
1198 2504 1241 2548 οἱ
1260 2506 1441 2555 πλείους
1460 2504 1613 2560 μέντοι
1632 2507 1686 2560 τῇ
1705 2504 1863 2564 Ἀθηνᾷ

375 2573 450 2614 καὶ
489 2574 554 2628 τῷ
591 2570 810 2627 Ἡφαίστῳ
848 2570 987 2623 αὐτὰς
1025 2571 1286 2616 ἀνατιθέασι
1325 2575 1449 2615 oratio
1489 2574 1539 2613 ad
1569 2575 1786 2615 Vulcanum
1826 2580 1864 2615 et

491 2718 519 2762 1)
543 2717 739 2762 Ingeniose
762 2717 876 2761 Kroll,
900 2718 1027 2754 Philol.
1045 2721 1086 2754 53
1112 2720 1233 2763 (1894)
1257 2730 1292 2763 p.
1309 2721 1375 2753 422
1400 2728 1466 2762 pro
1491 2718 1656 2754 codicum
1681 2718 1863 2754 τίθεσθαι

376 2784 412 2817 p.
431 2775 519 2818 28‚2
544 2772 742 2818 legendum
766 2782 848 2808 esse
872 2773 964 2809 vidit
986 2772 1207 2810 πείθεσθαι.
