2096 3129
1582 207 1634 247 81

155 333 263 368 μενοι.
304 314 528 366 εὔλογονδὲ
552 314 726 362 καὶ·τοῦς
748 315 864 362 θεοὺς
975 329 1010 355 v.
1031 321 1135 355 1—5:
1171 314 1267 361 Θεός
1289 315 1469 364 κατάρχοι
1493 314 1637 359 παντός

157 373 232 414 α’πὸ
258 379 325 422 τῆς
349 373 560 422 θεύσεωςῐ)
579 372 776 422 ἐσχηκέναι
794 372 862 421 τὴν
930 370 1046 422 ἔργου
1081 373 1147 411 καὶ
1177 371 1305 421 λόγου.
1332 376 1336 420 Ι
1368 371 1463 417 Θεὸς
1491 369 1637 421 διήκων

154 432 435 480 προσηγορίαν·
459 436 614 478 πρῶτον
637 429 712 478 γὰρ
736 428 773 467 οἱ
797 425 860 478 οἷρ-
929 435 1007 467 τῶν
1060 424 1162 468 ὅλων
1214 427 1438 476 ποιημάτων
1491 424 1637 476 φθοῖνει

152 492 254 537 χαῖοι
298 484 416 531 θεοὺς
453 485 726 535 ὑπελάμβανον
765 483 860 524 εἶναι
928 484 1063 535 παρὼν
1097 481 1214 524 ἅπασι
1249 488 1311 524 καὶ
1346 489 1452 523 δοκεῖ
1479 483 1632 532 θέειν·Ι

156 541 222 588 οὓς
257 541 388 592 ἑώρων
422 544 547 591 (Ga-le:
581 540 694 592 εὗρον
724 545 861 591 codd.).
929 542 981 588 ὥς
1015 541 1286 590 παντεπόπτης
1314 540 1367 580 ὢν
1399 547 1538 581 θεᾶται
1568 541 1637 590 τήν

156 600 404 644 ἀδιαλείπτως
427 598 660 648 φερομένους
681 613 717 638 κ.
738 613 768 638 τ.
790 602 860 647 ist)
928 601 1059 645 κτίσιν,
1080 602 1085 647 l
1107 596 1210 637 αἴθει
1227 599 1267 638 δὲ
1284 605 1361 637 πᾶν
1377 598 1559 648 ῥύπασμα
1573 599 1636 637 καὶ

927 654 1049 705 πυρός
1072 654 1200 695 πλέον.

267 741 351 780 Hoc
385 741 426 779 in
461 741 718 791 etymologico
752 740 928 781 similiter
965 742 1081 791 atque
1110 753 1133 779 a
1161 740 1326 780 Seleuco
1361 742 1400 779 et
1429 739 1635 780 Heraclide

155 808 403 860 proferuntur
432 809 690 859 etymologiae
710 808 849 849 Stoicis
878 820 1109 857 communes,
1139 810 1276 858 quales
1296 809 1449 847 nomine
1470 809 1638 847 auctoris

156 877 376 916 oblitterato
411 876 452 913 in
487 875 624 915 schola
652 875 917 923 tradebantur3
956 875 1160 915 derivandi
1189 878 1315 915 autem
1344 876 1442 915 ratio
1462 876 1636 914 Varrone

156 944 343 983 vetustior
385 945 494 993 est.³)
565 944 698 994 Atque
747 945 838 983 talis
881 945 1012 984 Stoica
1055 944 1232 983 doctrina
1275 956 1353 983 non
1397 947 1543 983 certum
1586 943 1637 982 ad

156 1014 353 1050 auctorem
381 1011 587 1051 referenda
615 1012 731 1051 etiam
761 1012 931 1052 Cornuto
961 1012 1103 1051 subest.
1111 1013 1143 1062 4)

268 1080 460 1120 Cornutus
488 1093 525 1131 p.
549 1080 611 1129 12,
630 1080 805 1129 11—14,
821 1081 845 1118 2
876 1080 925 1120 de
951 1080 1031 1120 fato
1056 1092 1215 1131 prorsus
1234 1080 1447 1120 Stoicorum
1467 1092 1488 1119 e
1509 1083 1637 1119 mente

156 1148 248 1196 agit.
304 1148 528 1195 Nominum,
566 1148 706 1197 quibus
739 1159 817 1186 una
851 1147 1063 1198 eademque
1097 1147 1168 1186 fati
1196 1148 1256 1186 vis
1285 1146 1532 1197 significatur,
1571 1158 1636 1185 cu-

155 1216 279 1253 mulat
316 1215 549 1264 veriloquia,
587 1216 627 1253 in
661 1214 721 1254 his
755 1214 903 1264 profert
939 1227 1000 1262 ea,
1040 1226 1140 1264 quae
1171 1214 1274 1264 apud
1304 1216 1400 1253 alios
1430 1215 1637 1263 scriptores

156 1281 306 1320 Stoicos
345 1293 424 1320 non
461 1282 711 1321 inveniuntur
747 1281 803 1332 (p.
827 1282 888 1330 13,
907 1283 1045 1329 2—33
1083 1295 1121 1333 p.
1146 1281 1463 1331 13,14—17).⁵)
1515 1282 1636 1321 Recte

156 1348 371 1388 Reinhardt
398 1349 471 1389 hoc
501 1361 586 1389 cum
616 1349 744 1400 capite
774 1350 1008 1390 Cornutiano
1037 1350 1252 1400 comparari
1280 1350 1389 1388 iussit
1416 1349 1508 1388 libri
1535 1346 1637 1401 περὶ

157 1411 336 1470 κόσμου,
356 1417 422 1466 qui
441 1417 672 1466 inscribitur,
692 1428 776 1467 cap.
796 1417 886 1465 VII3
914 1417 953 1455 in
974 1417 1106 1468 primis
1125 1417 1166 1456 id
1187 1416 1280 1456 mihi
1300 1416 1453 1456 videtur
1473 1416 1637 1456 alicuius

157 1485 339 1524 momenti
376 1496 477 1533 esse,
517 1485 621 1535 quod
658 1486 765 1524 vocis
803 1479 918 1526 Αἶσα
956 1484 1091 1524 eadem
1131 1485 1367 1535 etymologia
1406 1497 1431 1523 a
1468 1484 1637 1524 Cornuto

155 1553 363 1602 praebetur
383 1555 498 1603 atque
519 1564 618 1602 quae
637 1553 678 1591 in
696 1552 798 1591 libro
818 1551 920 1606 περὶ
940 1548 1110 1606 κόσμου
1126 1553 1295 1592 occurrit
1313 1553 1365 1603 (p.
1381 1552 1462 1591 401
1474 1552 1500 1592 b
1519 1552 1599 1601 14).
1607 1549 1639 1592 ὓ)

157 1612 436 1636 -ο

270 1652 299 1696 ¹)
324 1650 378 1688 Cf.
402 1651 544 1687 Miinzel
566 1651 627 1687 1.l.
651 1662 687 1697 p.
706 1654 758 1687 18.
793 1651 1042 1688 Reitzenstein
1065 1651 1088 1687 l.
1103 1651 1128 1687 l.
1151 1662 1186 1697 p.
1203 1654 1258 1687 23.
1293 1652 1372 1688 Hae
1396 1651 1639 1687 derivationes

156 1707 254 1752 apud
285 1706 430 1743 Stoicos
460 1707 730 1743 ustitatissimae
758 1709 851 1743 sunt.
897 1706 953 1744 Of.
977 1708 1084 1743 etiam
1108 1718 1147 1742 π.
1171 1705 1320 1752 κόσμου
1344 1718 1375 1743 c.
1393 1710 1412 1742 2
1436 1718 1472 1753 p.
1490 1709 1586 1743 392a
1607 1710 1638 1742 5.

157 1763 246 1800 Cum
277 1763 424 1801 Cornuti
454 1763 558 1800 vocis
587 1758 735 1808 κόσμος
766 1764 1063 1810 interpretatione
1093 1775 1129 1810 p.
1146 1767 1177 1800 2.
1202 1769 1222 1800 5
1255 1763 1301 1800 cf.
1325 1776 1363 1800 π.
1387 1762 1540 1808 κόσμου
1569 1775 1600 1800 c.
1618 1767 1638 1799 2

156 1831 193 1865 p.
209 1823 286 1865 391,
303 1824 342 1856 10
354 1821 385 1856 b.
432 1819 564 1855 Achill.
587 1820 682 1865 Isag.
705 1821 793 1856 Exc.
811 1824 831 1855 5
853 1832 889 1866 p.
907 1823 961 1866 36,
975 1824 993 1856 8
1007 1821 1054 1856 Μ.

269 1876 298 1922 ²)
329 1876 419 1913 Cum
449 1876 650 1922 veriloquio
679 1888 715 1922 p.
733 1879 795 1923 3,1
828 1877 972 1922 prolato
1004 1877 1051 1914 cf.
1075 1877 1212 1914 Herod.
1228 1877 1265 1912 ΙΙ
1289 1888 1319 1913 c.
1337 1880 1390 1912 52.
1445 1877 1562 1913 Procl.
1592 1877 1639 1914 ad

157 1932 250 1969 Crat.
274 1943 310 1978 p.
327 1936 422 1969 3970
449 1944 485 1978 p.
503 1936 589 1978 75‚3
625 1933 755 1978 Pasqu.
788 1933 903 1969 schol.
938 1933 985 1969 ad
1020 1933 1126 1969 Dion.
1160 1933 1309 1969 Thracis
1343 1935 1457 1969 artem
1491 1943 1638 1978 gramm.

157 2000 192 2036 p.
210 1991 343 2034 246,19
366 1988 465 2036 Hilg.

271 2047 301 2090 3)
324 2046 572 2082 Reitzenstein
594 2046 656 2081 1.l.
703 2046 764 2081 Ad
787 2057 847 2082 vv.
863 2049 906 2081 92
932 2049 968 2082 et
991 2049 1034 2082 94
1063 2049 1161 2082 recte
1191 2046 1463 2091 congruentiam
1486 2046 1638 2082 Zenonis

158 2102 232 2147 (ap.
249 2102 357 2148 Diog.
373 2102 492 2138 Laert.
508 2101 580 2138 VII
598 2102 677 2148 153)
701 2102 898 2138 adnotavit.
922 2122 966 2128 —
989 2102 1083 2138 Hinc
1098 2102 1136 2137 id
1153 2112 1298 2148 quoque
1313 2102 1420 2139 facile
1437 2101 1638 2148 expeditur,

158 2158 259 2205 quod
280 2158 532 2205 Apollodorus
560 2159 670 2196 modo
694 2170 776 2195 cum
798 2159 870 2195 hoc
893 2159 1139 2206 etymologico
1163 2159 1361 2205 consentit,
1390 2159 1500 2195 modo
1523 2159 1569 2195 ab
1593 2169 1638 2196 eo

158 2215 342 2261 discrepat
357 2215 420 2260 (cf.
436 2214 479 2251 fr.
496 2218 560 2251 217
575 2227 657 2251 -v.
676 2218 758 2261 2923
781 2215 824 2251 fr.
841 2218 1000 2252 220—v.
1019 2216 1110 2260 188).
1141 2214 1225 2251 Alia
1239 2215 1330 2251 ratio
1347 2215 1392 2251 ab
1408 2214 1638 2261 Apollodoro

158 2271 351 2308 adhibetur
372 2271 414 2308 fr.
433 2274 508 2317 168,
532 2271 602 2308 alia
624 2271 670 2309 ab
696 2272 929 2319 etymologici
953 2275 1100 2309 auctore
1123 2284 1158 2309 v.
1178 2275 1251 2308 168.

270 2328 300 2373 ⁴)
324 2328 426 2371 Quae
449 2328 630 2365 Cornutus
653 2328 700 2365 de
715 2328 890 2375 Acmone,
915 2328 1012 2366 Caeli
1033 2331 1147 2374 patre,
1170 2339 1206 2374 p.
1223 2331 1255 2374 2,
1268 2331 1288 2364 6
1311 2326 1460 2374 profert,
1483 2327 1638 2365 fortasse

158 2384 377 2429 Apollodori
408 2394 453 2420 ex
484 2394 595 2429 opere
626 2384 843 2430 desumpsit:
876 2385 923 2421 cf.
946 2386 1050 2421 Eust.
1072 2396 1109 2430 p.
1127 2388 1225 2430 1154,
1242 2388 1301 2420 24:
1327 2380 1478 2428 Ἀκμων
1509 2382 1551 2420 δὲ
1577 2378 1638 2420 ὅτι

158 2440 220 2476 καὶ
252 2435 273 2475 ὅ
304 2443 373 2476 τοῦ
404 2435 582 2486 ούρανοῦ,
614 2435 666 2481 ὡς
697 2436 853 2486 ἑρῥέθη,
877 2438 1027 2486 λέγεται
1050 2436 1178 2487 πατήρ
1203 2436 1263 2476 διά
1285 2437 1329 2475 τὸ
1356 2435 1553 2484 ἀκάματον
1570 2443 1639 2485 τῆς

158 2492 338 2542 οὕρανίου
354 2489 542 2542 κινήσεως
556 2508 592 2532 κ.
604 2507 635 2532 τ.
649 2497 680 2531 λ.
716 2496 833 2533 Alcm.
849 2496 892 2533 fr.
911 2500 971 2532 111
988 2497 1029 2532 Β.

270 2554 300 2596 ⁵)
324 2551 414 2588 Cum
436 2563 472 2588 v.
490 2555 531 2588 15
556 2551 602 2588 cf.
625 2552 804 2599 Porphyr.
828 2553 875 2589 ad
902 2553 938 2590 Ξ
951 2555 1015 2589 200
1040 2564 1075 2599 p.
1095 2556 1152 2589 191
1175 2552 1291 2590 Schr.:
1320 2550 1382 2588 καὶ
1411 2548 1546 2595 ἄξυλος
1568 2546 1637 2597 ὕλη

158 2610 209 2655 (Λ
228 2608 308 2653 155)
331 2603 353 2653 ἧ
378 2607 598 2651 πολύξυλος.
638 2609 729 2646 Cum
751 2610 853 2646 vocis
864 2606 970 2652 Ὄπις
992 2609 1216 2646 derivatione
1240 2608 1287 2645 cf.
1303 2608 1420 2645 Orion.
1435 2619 1472 2653 p.
1491 2611 1565 2654 120,
1579 2611 1639 2644 27:

147 2662 273 2708 Ὄπις·
296 2660 318 2710 ἡ
353 2661 559 2708 ἐξόπισθεν
591 2661 751 2711 ἑπομένη
785 2669 915 2712 κτῆσις
945 2665 1097 2712 (τίσιςῖ)
1142 2666 1245 2702 Eust.
1274 2676 1310 2710 p.
1329 2667 1426 2710 1066,
1439 2668 1471 2700 9.
1516 2665 1576 2700 Et.
1593 2665 1639 2701 M.

158 2734 196 2769 p.
212 2724 358 2768 62⁷,44.
380 2723 458 2766 628,
471 2724 502 2757 8.

269 2779 301 2824 ⁶)
332 2777 468 2814 Similia
489 2780 575 2813 sunt
597 2778 688 2814 haec
713 2779 787 2824 (Et.
803 2779 851 2816 Μ.
872 2790 910 2825 p.
926 2782 979 2825 38,
993 2780 1068 2824 50):
1100 2774 1214 2814 Αἷσα;
1248 2805 1256 2813 .
1273 2804 1283 2813 .
1300 2804 1309 2813 .
1332 2772 1358 2823 ἢ
1381 2774 1487 2824 παρὰ
1509 2774 1553 2813 τὸ
1579 2774 1640 2813 ἀεὶ

158 2830 220 2881 ἴση
247 2828 356 2877 εἶναι,
379 2828 401 2880 ἢ
427 2829 479 2879 μή
502 2832 823 2880 μεταβαλλομένη.

225 2904 305 2931 mu.
323 2901 393 2930 1121.
413 2901 495 2936 xxl,
508 2902 534 2929 1.
1415 2905 1435 2937 6
