2096 3129
349 138 403 176 28

348 263 565 301 cognomen
596 246 844 298 ὁπλότατος
874 251 1103 300 explicatur,
1133 254 1259 292 altera
1286 255 1411 292 latere
1430 252 1583 291 videtur
1601 251 1718 291 ratio:
1747 264 1837 290 nam

348 321 499 370 tempus
547 321 677 358 manet
724 321 922 368 tamquam
978 329 1129 370 semper
1184 319 1312 360 denuo
1360 322 1586 360 recreatum.
1661 319 1837 359 Eandem

348 388 536 426 rationem
585 387 632 424 iis
680 387 839 425 subesse
890 387 1081 436 suspicor,
1132 399 1233 437 qnae
1277 400 1363 428 cum
1406 388 1480 428 hac
1521 389 1838 438 interpretatione

349 454 560 494 cohaerent
597 466 634 504 p.
655 455 692 502 8,
710 455 750 502 7;
790 466 880 493 nam
915 453 1044 493 verbis
1078 456 1198 505 paulo
1246 457 1552 508 impeditioribus
1594 452 1838 505 τοσούτους

349 519 573 574 ἀριθμούς
598 519 836 574 ἐξελίττων
855 522 1010 561 videtur
1029 517 1205 575 Κρόνος
1233 524 1429 575 designari
1449 526 1636 564 immensa
1653 525 1838 575 temporis

348 589 474 639 spatia
502 590 678 628 volvens.
735 589 828 629 Ideo
862 591 956 639 puto
985 589 1191 639 probabile
1221 602 1306 631 esse
1334 592 1436 631 illud
1464 591 1731 642 veriloquium,
1760 603 1837 641 quo

347 653 523 709 Κρόνος
560 669 585 695 a
622 657 743 696 verbo
781 655 980 710 κραίνειν
1016 657 1224 707 derivatur,
1262 659 1304 697 in
1339 659 1589 710 Theogoniae
1618 658 1837 698 Hesiodeae

346 725 619 763 commentario
657 736 737 763 non
774 724 948 763 infuisse.
1013 725 1153 774 Neque
1193 729 1361 776 constat,
1399 729 1525 766 ntrum
1562 728 1697 766 auctor
1733 725 1776 764 id
1814 737 1836 764 e

346 791 454 831 fonte
482 792 650 842 capitum
681 792 791 831 2-5
820 791 994 831 hauserit
1030 804 1081 830 an
1109 792 1196 842 ipse
1226 797 1465 834 commentus
1493 795 1552 834 sit.
1609 794 1706 834 Sunt
1733 793 1836 832 enim

348 871 449 910 quae
487 859 695 908 suadeant,
734 862 776 899 ut
813 859 855 898 id
894 860 971 910 ipsi
1010 859 1286 900 adscribamus.
1345 861 1477 902 Taceo
1511 861 1552 902 id
1580 862 1704 902 solum
1733 860 1837 912 apud

346 940 433 967 eum
471 928 650 967 inveniri.
707 927 913 967 Manifesta
954 931 1012 966 est
1051 928 1314 978 discrepantia
1344 929 1535 979 quaedam
1565 941 1706 978 eorum,
1735 941 1835 980 quae

345 1008 382 1045 p.
405 996 441 1043 3,
461 996 512 1033 18
550 997 589 1033 et
618 1007 762 1043 eorum,
799 1007 898 1044 quae
927 1008 964 1045 p.
987 995 1023 1043 4,
1041 995 1065 1033 5
1097 998 1354 1045 exponuntur.
1414 996 1563 1043 Quodsi
1597 997 1697 1036 enim
1727 996 1836 1035 Rhea

346 1059 488 1116 ῥύσις,
528 1062 713 1102 Saturnus
751 1059 913 1115 χρόνος
951 1063 1203 1112 intellegitur,
1244 1066 1419 1113 apertum
1460 1067 1518 1104 est
1554 1065 1667 1103 illum
1705 1063 1837 1103 mundi

346 1133 486 1170 statum
532 1129 756 1180 significari,
801 1142 877 1180 quo
918 1130 1120 1169 elementis
1165 1130 1338 1169 nondum
1384 1131 1560 1171 discretis
1599 1143 1676 1170 una
1714 1132 1836 1170 moles

345 1198 478 1237 umida
517 1199 655 1237 effecta
690 1200 766 1246 est,
807 1210 828 1237 e
864 1210 941 1247 qua
969 1201 1100 1247 partes
1130 1198 1319 1247 quaedam
1351 1202 1590 1249 separantur,
1630 1211 1729 1249 quae
1759 1199 1836 1238 dis-

344 1268 492 1305 tractae
528 1267 566 1305 et
595 1265 790 1304 tenuiores
819 1264 946 1304 factae
975 1266 1017 1304 in
1045 1265 1146 1316 ignis
1175 1268 1352 1304 naturam
1382 1266 1667 1317 relabuntur31)
1703 1268 1836 1306 contra
1889 1281 1900 1292 ·

345 1345 446 1383 quae
475 1346 512 1383 p.
534 1333 571 1381 4,
588 1334 612 1370 6
642 1334 837 1382 leguntur,
867 1333 918 1371 ad
945 1334 1075 1382 ignem
1103 1334 1596 1383 principalem-pertinent,
1627 1346 1703 1384 quo
1733 1337 1835 1373 moto

346 1399 607 1439 commutandi
644 1403 682 1438 et
716 1399 952 1450 procreandi
986 1400 1134 1438 initium
1170 1399 1222 1438 fit.
1280 1399 1429 1439 Eodem
1459 1403 1585 1439 autem
1616 1401 1729 1440 modo
1760 1400 1835 1439 duo

346 1469 558 1507 afferuntur
594 1463 730 1521 χάους
764 1469 1108 1518 interpretamenta
1146 1481 1183 1518 p.
1211 1469 1276 1517 28,
1294 1470 1431 1519 7sqq.:
1473 1470 1638 1508 Zenonis
1673 1469 1773 1508 enim
1814 1481 1834 1508 e

346 1538 475 1574 mente
515 1530 621 1588 χάος
665 1535 834 1574 umidum
880 1546 964 1574 esse
1006 1536 1226 1585 explicatur
1264 1532 1354 1589 πρὸ
1395 1535 1473 1588 τῆς
1513 1532 1837 1590 διακοσμήσεως

347 1599 643 1655 γενόμενονβ)
683 1602 823 1641 deinde
865 1603 1071 1652 exponitur
1106 1598 1212 1655 χάος
1248 1615 1333 1642 esse
1368 1603 1461 1655 πῦρ
1497 1606 1536 1642 et
1570 1603 1724 1642 additur
1753 1606 1834 1652 ety-

346 1670 535 1721 mologia,
585 1670 693 1709 cuius
741 1671 844 1709 alius
894 1671 1002 1709 testis
1046 1682 1125 1709 non
1178 1671 1336 1710 exstitit.
1410 1670 1518 1717 Quae
1567 1671 1834 1720 interpretatio

345 1737 500 1775 videtur
538 1738 587 1776 ab
627 1739 786 1776 auctore
826 1737 956 1776 libelli
994 1738 1081 1787 ipso
1117 1738 1337 1788 excogitata
1372 1737 1512 1788 esse.³)
1574 1737 1670 1776 Inde
1703 1739 1834 1776 nescio

346 1818 397 1843 an
427 1804 610 1843 concludi
639 1805 762 1854 possit
792 1805 907 1843 etiam
935 1805 1046 1843 illam
1067 1805 1222 1844 Saturni
1252 1805 1568 1854 explanationem
1598 1805 1647 1843 ab
1677 1807 1834 1844 auctore

344 1872 473 1911 libelli
500 1872 586 1922 ipso
617 1871 668 1910 ad
698 1883 774 1919 eas,
804 1883 899 1921 quas
928 1872 968 1910 in
991 1871 1097 1910 fonte
1117 1872 1276 1920 invenit,
1306 1871 1479 1910 additam
1498 1883 1595 1910 esse.
1643 1871 1719 1910 Sed
1738 1871 1834 1911 haec

345 1940 522 1989 quaestio
567 1939 618 1977 ad
661 1939 831 1978 lucidum
875 1939 1039 1989 perduci
1081 1940 1226 1989 nequit.
1298 1939 1344 1977 Id
1388 1941 1515 1978 autem
1557 1941 1667 1989 patet
1708 1939 1835 1978 libelli

344 2010 487 2058 partes,
518 2019 615 2056 quas
634 2006 849 2046 Reinhardt
877 2019 954 2046 uno
985 2019 1034 2046 ex
1062 2008 1162 2047 libro
1192 2008 1406 2057 exscriptas
1427 2010 1466 2046 et
1486 2007 1536 2046 ab
1556 2007 1834 2057 interpolatore

345 2075 515 2125 quodam
554 2075 593 2125 in
630 2074 905 2114 Cornutianum
945 2076 1125 2114 libellum
1164 2076 1328 2115 insertas
1363 2086 1447 2114 esse
1484 2077 1631 2123 censet,
1672 2074 1833 2114 diversis

345 2156 366 2182 e
411 2142 583 2182 fontibus
629 2143 661 2180 si
704 2154 784 2181 non
826 2143 1003 2192 pluribus
1047 2145 1087 2181 at
1132 2145 1237 2182 certe
1282 2142 1432 2182 duobus
1477 2141 1698 2191 desumptas
1740 2154 1832 2181 esse.

346 2209 457 2257 Quod
489 2209 658 2249 adversa
686 2209 813 2249 fronte
842 2210 913 2248 illa
943 2221 1029 2249 cum
1060 2210 1282 2250 coniectura
1310 2211 1469 2261 pugnat.

457 2289 584 2328 Aliud
623 2291 752 2327 autem
792 2289 942 2328 accedit
981 2292 1214 2329 momentum
1250 2289 1368 2339 idque
1397 2288 1675 2338 gravissimum.
1735 2288 1832 2328 Con·

346 2359 574 2397 sentaneum
604 2358 665 2396 est
695 2356 854 2396 Cornuti
883 2369 979 2407 opus
1009 2358 1218 2407 genuinum
1247 2356 1562 2397 commentarium
1582 2355 1832 2407 Theogoniae

344 2424 565 2464 Hesiodeae
609 2425 946 2473 interpretationes
990 2426 1235 2472 Homericas‚
1275 2425 1421 2474 quippe
1461 2435 1560 2472 quae
1605 2424 1767 2464 diversis
1811 2437 1832 2463 e
1904 2437 1906 2440 ⁴

344 2493 517 2532 fontibus
547 2491 686 2530 hausta
715 2503 842 2541 neque
871 2492 994 2531 isdem
1023 2492 1260 2543 temporibus
1291 2495 1376 2530 orta
1404 2491 1497 2539 sint,
1533 2490 1686 2531 diversa
1714 2491 1832 2532 fuisse

458 2648 488 2693 ¹)
511 2645 566 2683 Cf.
590 2645 707 2682 Zeller
730 2645 753 2682 1.
768 2646 793 2682 l.
817 2647 900 2683 Max
923 2647 1071 2692 Heinze,
1096 2648 1212 2684 Lehre
1235 2658 1321 2684 vom
1345 2647 1469 2691 Logos
1491 2657 1526 2692 p.
1544 2649 1598 2683 99.

456 2706 488 2807 :3
510 2702 681 2797 (Zjssniegfss
702 2702 725 2738 l.
757 2702 870 2739 schol.
900 2703 986 2740 Hes.
1011 2703 1152 2749 Theog.
1177 2715 1211 2740 v.
1232 2706 1306 2740 116.
1342 2701 1453 2738 schol.
1478 2701 1548 2748 Ap.
1572 2703 1678 2739 Rh.1
1701 2715 1736 2740 v.
1753 2707 1830 2742 498.
