2096 3129
356 150 409 188 34

354 263 442 310 sint,
472 263 701 312 explicatur.
749 262 881 311 Atque
911 273 1045 300 omnes
1074 262 1188 301 huius
1213 262 1365 312 generis
1385 261 1516 299 libelli
1536 263 1676 310 partes,
1706 259 1845 310 quibus

355 331 513 369 deorum
543 341 654 368 sacra
682 332 980 379 pertractantur,
1017 329 1092 368 hoc
1123 330 1236 369 modo
1266 330 1437 380 digestae
1466 332 1570 376 sunt,
1610 331 1653 367 ut
1680 329 1844 378 primum

355 400 492 446 agatur
522 396 569 434 de
598 397 846 443 animalibus,
888 396 1029 434 deinde
1059 396 1109 434 de
1139 397 1316 436 arbustis.
1328 397 1356 447 1)
1413 396 1591 445 Apparet
1619 395 1845 444 interrumpi

354 465 428 503 hac
457 467 568 514 parte
598 464 796 503 inculcata
824 465 1096 513 cognominum
1126 463 1541 515 interpretationem32)
1569 475 1695 512 neque
1714 465 1845 501 tamen

354 531 444 570 inde
484 531 748 581 epitomatoris
784 531 1042 570 temeritatem
1070 534 1137 570 aut
1166 533 1382 579 arbitrium,
1423 531 1492 570 sed
1520 530 1649 581 potius
1678 530 1845 569 auctoris

355 600 475 649 ipsius
505 602 651 638 certum
681 611 808 648 neque
837 598 1041 649 illepidum
1072 600 1276 638 consilium
1308 602 1462 639 elucere
1492 601 1595 650 puto.
1644 599 1746 637 Nam
1771 597 1845 636 hoc

355 667 469 705 modo
509 670 591 705 tota
630 666 679 705 de
718 667 810 706 Iove
850 667 1060 717 disputatio
1100 668 1140 704 in
1179 670 1259 706 tres
1289 671 1420 717 partes
1450 666 1645 715 dividitur,
1685 677 1846 715 quarum

354 735 468 772 tertia
488 734 707 771 contrariae
729 733 901 772 eiusdem
923 734 1059 771 summi
1079 733 1142 771 dei
1162 735 1267 773 vires
1288 736 1389 773 inter
1409 746 1450 773 se
1470 735 1735 784 opponuntur:
1756 744 1846 770 nam

355 800 525 839 creditur
555 804 594 839 et
622 800 718 840 deus
747 802 862 849 ultor,
892 804 1004 851 pater
1023 802 1235 850 Furiarum,
1266 804 1305 840 et
1330 804 1500 842 clemens
1521 802 1710 850 mitisque,
1739 801 1847 840 cuius

354 867 457 906 filias
486 869 676 906 Homerus
706 864 842 915 Λιτάς
877 872 1011 906 narrat
1047 880 1142 907 esse.
1200 869 1267 907 Ad
1306 868 1377 907 has
1407 872 1534 907 autem
1564 869 1847 918 explicationes

354 936 526 986 perbene
557 936 813 985 applicantur,
844 948 942 985 quae
974 935 1114 975 dehinc
1145 936 1192 975 de
1222 936 1305 985 fati,
1335 937 1440 986 quod
1469 936 1606 976 Stoicis
1635 935 1736 975 idem
1765 935 1847 974 fere

355 1006 414 1042 est
461 1007 579 1052 atque
622 1004 808 1052 Iuppiter,
855 1005 974 1042 variis
1017 1005 1235 1042 nominibus
1281 1007 1320 1042 et
1363 1004 1495 1043 formis
1538 1006 1586 1043 ab
1631 1003 1847 1042 hominibus

357 1070 512 1110 creditis
551 1071 806 1121 disputantur.
865 1072 1070 1111 Transitur
1105 1071 1156 1110 ad
1184 1072 1315 1111 Musas
1352 1075 1391 1111 et
1420 1072 1573 1112 Gratias
1603 1072 1706 1110 Iovis
1735 1070 1847 1110 filias.

356 1139 401 1177 Id
431 1141 563 1188 caput,
593 1151 669 1188 quo
701 1139 749 1178 de
778 1141 897 1178 Musis
926 1140 1063 1188 agitur,
1100 1139 1219 1178 habet
1248 1140 1397 1189 aliquid
1428 1139 1686 1179 difficultatis:
1726 1140 1846 1178 oratio

356 1208 412 1245 ita
441 1206 627 1256 procedit,
656 1210 699 1245 ut
726 1207 889 1256 primum
920 1207 1079 1245 dearum
1108 1208 1165 1245 vis
1185 1210 1234 1245 et
1259 1208 1364 1246 notio
1385 1219 1406 1245 e
1427 1208 1591 1246 nominis
1613 1208 1849 1256 etymologia

358 1274 602 1324 explanetur,
632 1273 773 1312 deinde
803 1273 978 1313 diversae
1008 1274 1223 1313 sententiae
1254 1274 1302 1312 de
1332 1285 1464 1313 earum
1493 1285 1653 1313 numero
1673 1274 1848 1324 prolatae

357 1344 397 1380 in
435 1342 648 1390 allegorias
688 1344 886 1389 cogantur,
925 1345 1005 1379 tum
1045 1341 1095 1380 de
1133 1354 1265 1380 earum
1304 1342 1423 1380 choro
1458 1345 1607 1390 agatur.
1665 1342 1741 1380 Sed
1774 1342 1848 1380 hoc

359 1411 585 1458 argumento
625 1408 795 1447 nondum
837 1408 888 1447 ad
924 1407 1037 1448 finem
1078 1409 1264 1459 perducto
1305 1409 1432 1448 verbis
1473 1402 1615 1457 ἄλλως
1654 1407 1703 1450 δέ
1739 1420 1848 1459 prae-

361 1477 484 1514 missis
532 1487 671 1514 novem
719 1477 914 1514 Musarum
964 1477 1158 1514 nominum
1203 1478 1422 1526 veriloquia
1465 1478 1702 1524 inseruntur,
1751 1488 1849 1524 quae

361 1544 491 1582 omnia
520 1543 601 1581 fere
631 1543 681 1581 ad
702 1555 844 1590 eorum,
875 1544 940 1593 qui
959 1542 1304 1596 πεπαιδευμένοι
1325 1547 1423 1591 sunt,
1452 1545 1614 1583 virtutes
1636 1544 1850 1593 exiguntur.

360 1612 504 1650 Verum
548 1614 677 1649 tamen
721 1611 794 1649 hae
835 1612 1174 1661 interpretationes
1212 1613 1370 1650 vinculo
1411 1611 1579 1661 quodam
1618 1623 1704 1650 cum
1743 1614 1850 1650 ante-

362 1679 589 1718 cedentibus
623 1679 850 1718 cohaerent:
890 1692 979 1718 nam
1015 1681 1129 1719 etiam
1166 1681 1358 1730 allegoria
1387 1680 1581 1719 Musarum
1612 1679 1704 1718 deos
1734 1691 1850 1718 vene-

361 1748 526 1785 rantium
566 1758 722 1796 prorsus
760 1748 816 1785 ita
854 1751 1078 1797 comparata
1115 1751 1189 1795 est,
1230 1751 1272 1786 ut
1307 1747 1358 1786 ad
1387 1747 1630 1786 educationis
1658 1747 1852 1797 principia

360 1814 507 1853 tendat.
566 1814 823 1863 Etymologiis
852 1815 1040 1854 absolutis
1071 1815 1190 1854 oratio
1221 1815 1270 1853 ad
1300 1815 1400 1853 illud
1429 1817 1712 1864 argumentum,
1747 1814 1851 1863 quod

363 1894 483 1932 supra
513 1881 736 1921 inchoatum
755 1883 932 1921 relictum
954 1886 1047 1930 erat,
1077 1884 1291 1922 revertitur.
1340 1882 1492 1921 Deinde
1514 1883 1729 1933 exponitur,
1759 1882 1852 1931 quid

362 1951 486 1988 velint
531 1949 688 1988 fabulae
734 1949 782 1988 de
821 1951 1014 1988 Musarum
1060 1954 1145 1989 ortu
1188 1952 1383 2000 prolatae;
1427 1951 1555 1989 verbis
1601 1945 1767 1990 τούτου
1806 1947 1852 1988 δὲ

361 2012 513 2057 ἕνεκεν
542 2016 617 2055 hae
648 2017 927 2066 explicationes
958 2029 1044 2057 cum
1069 2018 1387 2056 antecedentibus
1407 2029 1579 2056 conexae
1599 2020 1698 2056 sunt.
1746 2018 1849 2056 Inse-

362 2086 497 2134 quenti
527 2085 654 2133 capite
685 2084 733 2122 de
764 2084 906 2123 Gratiis
936 2085 1145 2124 disseritur.
1204 2086 1319 2124 Cuius
1348 2086 1456 2123 initio
1486 2085 1606 2124 verba
1633 2086 1721 2132 illa,
1752 2097 1851 2133 quae

362 2165 399 2202 p.
417 2153 478 2199 10,
496 2152 520 2189 2
547 2152 732 2200 leguntur
752 2150 825 2190 καὶ
846 2152 938 2192 τῶν
962 2150 1173 2205 Χαρίτων
1193 2175 1248 2181 -
1269 2149 1484 2192 ἐντεῦθέν
1503 2165 1551 2192 τε
1573 2147 1654 2205 γάρ
1677 2149 1786 2192 εἰσιν
1807 2148 1850 2191 αἱ

363 2220 446 2259 τοῦ
469 2218 730 2272 χαρίζεσθαι
759 2218 832 2258 καὶ
862 2213 1106 2272 εὐεργετεῖν
1130 2217 1259 2272 ἀρχαί
1279 2242 1335 2247 -—
1355 2220 1558 2258 manifesto
1580 2219 1851 2268 significantur.

363 2287 498 2325 Statim
539 2287 588 2324 de
629 2286 787 2324 deorum
827 2292 913 2324 ortu
951 2288 1088 2335 agitur.
1147 2288 1299 2326 Deinde
1339 2287 1443 2336 quod
1483 2286 1608 2324 nudae
1647 2286 1853 2335 finguntur,

364 2354 468 2404 quod
508 2355 578 2393 alii
624 2354 719 2393 duas
759 2354 829 2392 alii
867 2357 944 2393 tres
985 2356 1114 2394 Musas
1151 2367 1234 2395 esse
1269 2355 1491 2405 perhibent,
1530 2353 1579 2392 ad
1621 2354 1718 2393 bene
1760 2353 1853 2392 faci-

364 2423 458 2460 undi
495 2426 642 2461 rectam
682 2423 870 2460 rationem
914 2423 1088 2461 refertur.
1155 2425 1340 2463 Similiter
1384 2435 1433 2460 ex
1473 2434 1533 2468 eo,
1581 2422 1682 2470 quod
1726 2422 1853 2461 hilaro

366 2491 477 2528 vultu
532 2489 722 2529 beneficia
776 2489 870 2528 dare
924 2494 1091 2540 oportet,
1146 2503 1246 2540 quae
1294 2491 1458 2529 invicem
1509 2502 1590 2538 eos,
1640 2491 1704 2539 qui
1754 2492 1854 2530 acci-

365 2559 486 2608 piunt,
516 2559 662 2597 hilaros
692 2558 849 2604 faciunt,
879 2570 1018 2596 nomen
1049 2559 1266 2598 Gratiarum
1298 2559 1541 2607 explanatur.
1599 2558 1735 2607 Neque
1767 2558 1854 2597 huic

483 2716 510 2758 ¹)
535 2714 589 2750 Cf.
614 2715 818 2751 Reinhardt
841 2726 876 2760 p.
898 2718 971 2751 116.

481 2774 511 2817 ²)
536 2772 589 2807 cf.
615 2772 814 2808 Reinhardt
838 2783 872 2817 p.
896 2776 968 2808 120.
