2096 3129
1645 133 1695 170 21

379 244 474 293 .48‚
493 245 543 282 17
576 236 728 285 αὐτοῦ.

380 341 388 350 .
411 311 476 361 57,
496 312 546 349 18
576 309 652 352 καὶ
681 306 752 353 διὰ
780 312 922 354 ταῦτα
953 306 1149 362 σπονδὰς
1178 312 1428 353 ποιοῦνται.

379 380 598 428 .61,6--7
632 374 716 433 ἅμα
748 377 794 421 δὲ
823 376 897 421 καὶ
927 375 1149 434 ἐλαφρούς
1179 378 1254 421 καὶ
1285 373 1612 430 εύβαστάκτους

485 441 648 496 αὐτούς
678 442 803 488 εἶναι.

378 544 387 553 .
409 515 600 562 61,8-9
629 513 721 567 μέν.
753 512 919 556 ὡσανεὶ
950 509 1097 568 ἄρθρα
1128 509 1242 567 ἔχον.

376 612 386 622 .
408 581 513 630 65,5
543 574 679 635 ἥλιος.
711 578 783 623 διὰ
812 581 965 623 τοῦτο.

377 649 471 698 .65,
489 650 539 687 21
572 642 599 703 ἢ
630 644 905 691 ἀπολλύντα.

377 719 471 766 ‚e7,
490 719 540 756 19
570 711 735 759 αὐτῶν.

347 797 384 834 p.
407 786 471 834 69,
488 786 511 823 7
544 784 767 838 λοιμικῶς.

347 865 384 902 p.
407 853 540 900 72,20
570 851 644 892 καὶ
672 850 874 905 μιαίνειν.
887 852 917 901 ¹)

347 932 385 970 p.
406 919 470 968 74,
487 920 537 958 21
570 913 596 974 ἢ
625 913 717 961 ἀπὸ
746 917 829 960 τοῦ
860 916 1098 973 κεχηνέναι.

324 998 575 1037 Statuendum
603 999 720 1048 igitur
749 1001 807 1037 est
835 998 1014 1036 libellum
1035 997 1321 1046 Cornutianum,
1351 1000 1422 1038 etsi
1450 984 1529 1038 non
1558 1000 1697 1038 desunt

210 1066 523 1116 interpolationis
562 1066 741 1116 vestigia,
779 1067 901 1105 multo
939 1065 1066 1105 minus
1104 1077 1218 1116 quam
1259 1066 1398 1106 editori
1432 1068 1695 1107 recentissimo

210 1133 415 1173 videbatur
443 1145 538 1182 esse,
568 1135 707 1173 alienis
736 1134 1006 1173 additamentis
1036 1133 1232 1173 foedatum
1262 1146 1358 1174 esse.

350 256 377 428 ὍὍὍ

347 526 375 767 ’ΌὍὈὍ

323 1249 418 1288 Alia
445 1250 562 1298 igitur
580 1249 644 1287 via
663 1248 918 1298 ingredienda
938 1251 1005 1296 est,
1035 1260 1121 1287 cum
1142 1249 1348 1297 quaeritur,
1378 1252 1504 1288 utrum
1524 1250 1695 1298 libellus,

211 1317 277 1365 qui
305 1318 479 1355 servatus
510 1318 577 1364 est,
606 1316 815 1366 genuinum
845 1316 1010 1355 auctoris
1041 1326 1137 1365 opus
1157 1327 1208 1353 an
1227 1316 1395 1366 epitome
1415 1316 1615 1356 ducendus
1635 1318 1695 1356 sit.

321 1384 383 1424 Ac
419 1385 583 1435 primum
624 1383 779 1434 quidem
817 1384 926 1422 iuvat
959 1395 1099 1422 novam
1135 1383 1365 1423 sententiam
1395 1385 1615 1435 nuperrime
1646 1385 1695 1424 de

210 1453 434 1491 Oornutiani
462 1452 590 1491 libelli
619 1452 752 1491 indole
781 1452 973 1502 prolatam
1004 1452 1239 1491 examinare.
1287 1452 1449 1492 Carolus
1479 1453 1695 1493 Reinhardt

210 1520 311 1558 enim
340 1520 382 1558 in
402 1519 683 1568 dissertatione,
713 1520 774 1558 cui
793 1520 927 1557 titulus
947 1521 1004 1557 est
1024 1518 1072 1557 de
1094 1518 1328 1558 Graecorum
1347 1519 1546 1570 theologia
1566 1521 1695 1571 capita

209 1587 285 1626 duo
301 1588 446 1636 (Berol.
460 1588 594 1637 1910),
610 1599 695 1626 eum
710 1598 788 1626 non
803 1587 914 1625 unius
931 1587 1058 1636 operis
1075 1587 1235 1627 Cornuti
1251 1588 1444 1638 epitomen
1461 1599 1544 1627 esse
1561 1592 1694 1628 censet

209 1655 278 1694 sed
297 1655 528 1705 „genuinum
549 1666 646 1705 opus
666 1654 876 1704 aliquando
895 1655 1147 1694 retractatum
1169 1666 1253 1694 esse
1274 1667 1320 1694 ac
1341 1667 1425 1694 cum
1448 1656 1547 1694 alius
1567 1656 1694 1695 libelli

207 1723 390 1772 partibus,
419 1724 459 1761 in
490 1723 628 1772 quibus
659 1723 843 1761 continua
870 1723 1092 1761 narratione
1123 1723 1320 1772 explicata
1350 1726 1452 1762 esset
1470 1723 1693 1773 theogonia,

208 1802 292 1830 esse
323 1791 591 1830 commixtum“
631 1791 823 1841 sagaciter
856 1790 1022 1840 probare
1059 1789 1206 1829 studuit
1245 1792 1287 1840 (l.
1307 1792 1334 1829 l.
1364 1803 1401 1841 p.
1423 1792 1503 1841 27).
1562 1792 1691 1831 Incul-

207 1862 294 1898 cata
323 1871 406 1898 esse
435 1862 546 1909 putat
564 1862 686 1898 totum
706 1862 822 1908 caput
845 1860 907 1906 17,
937 1859 1045 1897 cuius
1065 1859 1193 1908 priore
1211 1862 1321 1908 parte
1342 1871 1475 1898 versus
1495 1860 1692 1898 Homerici

207 1927 246 1967 A
266 1927 347 1965 399
359 1938 441 1976 sqq.
472 1929 510 1966 et
539 1926 572 1967 Ο
596 1927 646 1966 18
658 1938 752 1976 sqq„
782 1926 908 1965 altera
936 1928 1046 1976 parte
1076 1925 1306 1976 Theogonia
1334 1926 1532 1966 Hesiodea
1569 1928 1690 1978 expli-

208 1996 359 2044 cantur,
399 1994 537 2044 quibus
577 2005 662 2033 cum
701 1993 1081 2044 interpretationibus
1121 1994 1337 2043 coniungit,
1376 2006 1475 2044 quae
1513 2006 1550 2044 p.
1578 1996 1614 2042 6,
1637 1996 1690 2033 20

207 2064 307 2110 —8‚
326 2063 375 2100 17
407 2064 645 2110 enarrantur,
674 2064 790 2111 atque
820 2062 934 2100 etiam
965 2062 1094 2111 capita
1123 2060 1233 2101 3—5
1264 2061 1340 2101 huc
1370 2063 1528 2101 rettulit.
1584 2062 1691 2109 Quae

208 2129 445 2178 coniectura,
485 2129 661 2179 quamvis
688 2128 863 2179 speciosa
891 2129 956 2176 sit,
996 2130 1126 2168 tamen
1155 2140 1233 2167 non
1263 2129 1438 2175 omnibus
1468 2141 1489 2168 e
1518 2130 1690 2179 partibus

207 2197 300 2236 satis
351 2196 460 2236 firma
510 2199 587 2236 est:
637 2197 776 2236 etenim
833 2196 1017 2235 audacius
1061 2196 1215 2235 videtur
1263 2208 1350 2236 esse
1401 2197 1547 2245 omnia,
1591 2209 1690 2246 quae

205 2264 419 2304 Reinhardt
453 2277 501 2304 ex
529 2276 607 2304 uno
635 2265 735 2304 libro
764 2264 902 2304 hausta
931 2276 1016 2304 esse
1045 2264 1261 2313 contendit,
1301 2264 1473 2304 indidem
1502 2267 1690 2316 repetere.

206 2332 307 2379 Quid
347 2333 448 2372 enim
488 2333 701 2372 narrationi
738 2332 971 2383 theogoniae
1010 2345 1210 2372 commune
1250 2335 1307 2372 est
1348 2345 1433 2371 cum
1472 2333 1629 2372 Iunonis
1667 2346 1690 2371 a

204 2401 298 2439 Iove
327 2401 452 2439 aureis
484 2401 630 2440 catenis
661 2400 708 2439 de
737 2402 846 2440 caelo
877 2412 1087 2450 suspensae
1116 2400 1352 2450 deorumque
1381 2401 1465 2439 Iovi
1494 2401 1688 2440 interitum

205 2466 429 2506 minantium
473 2465 797 2517 explicationibus
835 2467 1026 2518 physicis,
1067 2467 1204 2517 quibus
1243 2468 1452 2506 Homerum
1494 2470 1688 2517 tamquam

204 2534 482 2586 philosophum
517 2537 714 2575 elementa
746 2537 788 2574 in
822 2535 964 2575 mundo
999 2536 1098 2575 bene
1133 2537 1331 2575 collocata
1365 2548 1573 2586 eorumque
1602 2535 1688 2574 har-

205 2602 371 2641 moniam
405 2612 484 2640 non
518 2603 819 2652 perturbandam
857 2614 941 2642 esse
965 2602 1166 2642 >indicasse
1196 2602 1509 2642 demonstratur?
1566 2604 1686 2641 Inter-

203 2670 441 2720 pretationes
469 2682 648 2709 versuum
667 2672 959 2711 Homericorum
990 2672 1136 2711 similes
1166 2674 1254 2710 sunt
1273 2672 1463 2710 Heracliti
1492 2671 1688 2721 personati

317 2768 346 2813 1)
370 2766 424 2804 cr.
448 2766 650 2804 Reinhardt
671 2767 734 2804 1.1.
758 2779 793 2814 p.
813 2771 875 2805 116
900 2768 984 2805 adn.
1002 2772 1033 2805 2.
