2096 3129
408 200 462 239 98

408 324 462 352 ου
484 306 757 365 παράγωγον
780 309 907 365 χεὶω·
940 304 1053 362 οἶοι,
1088 308 1233 360 Οὐδός
1253 307 1293 352 ‹5’
1313 302 1593 365 ἀμφοτέρους
1613 302 1689 352 ὅδε
1706 307 1897 364 χείσεται

408 378 450 426 (σ
466 378 546 426 17).
577 378 636 415 Et.
653 378 703 415 M.
720 377 814 425 809,
833 377 901 416 1οε
926 373 1089 417 Χθοόνε
1109 391 1231 430 παρα
1245 373 1299 417 τὸ
1317 376 1558 430 διαχεῖσθαι
1575 375 1650 416 καὶ
1661 373 1896 429 χώνυσθαι

410 440 655 486 δύνασθαι·
696 436 723 498 ἢ
763 439 887 498 παρὰ
923 436 975 486 τό
1009 443 1076 498 χῶ
1109 439 1163 486 τό
1196 444 1342 499 χωρῶ,
1382 432 1436 486 οὗ
1465 437 1737 499 παράγωγον
1762 440 1894 498 χεὶοο·

408 504 535 562 ὅθεν,
569 504 710 561 Οὖδός
741 508 780 552 ῥ’
799 503 1080 565 ἀμφοτέρους
1106 504 1181 552 ὅδε
1207 511 1397 565 χείσεται
1426 513 1468 562 (o
1486 512 1565 562 17).
1613 511 1777 550 Etiamsi
1805 510 1896 550 001·-

408 583 523 620 nutus
542 580 751 620 Philoxeni
779 581 967 620 rationem
996 579 1117 620 valde
1137 580 1370 630 obscuravit,
1398 583 1528 620 tamen
1546 579 1757 620 similitudo
1776 579 1898 619 mani-

375 674 379 678 -
408 646 508 686 festa
547 648 617 685 est.
674 646 767 685 Alia
795 645 892 685 licet
924 645 984 685 his
1021 646 1265 696 subiungere.
1322 646 1469 685 Eodem
1497 645 1612 685 modo
1641 656 1733 697 pars
1760 656 1898 684 versus

409 714 605 753 Homerici
635 713 686 752 ad
714 713 977 763 veriloquium
1006 713 1280 752 illustrandum
1310 725 1346 763 p.
1368 713 1436 762 47,
1454 714 1502 752 11
1526 712 1698 752 additur:
1719 705 1898 766 ’Ἐρωτα

410 779 448 821 δ’
473 774 615 821 αὐτὸν
645 777 850 835 εἰρῆσθαι
885 775 1087 821 πιθανὸν
1115 773 1204 821 ἀπὸ
1233 780 1313 833 τῆς
1349 776 1643 836 ἐπιζητήσεως
1672 779 1765 821 τῶν
1793 776 1898 833 ἐρω-

407 846 582 902 μένων·
614 843 818 890 τάττεται
848 843 930 902 γὰρ
960 845 1033 889 ἐπὶ
1063 843 1115 889 τὸ
1143 850 1291 902 ζητεῖν
1318 844 1370 889 τὸ
1402 845 1529 901 ἐρεῖν,
1557 844 1620 896 ὥς
1650 845 1816 902 εἴρηται
1845 841 1898 887 τὸ

401 910 565 968 Ἴφιτος
588 909 693 957 αὖθ’
714 913 881 965 ἵππους
902 914 1051 969 ἐρέων.
1063 917 1093 967 1)
1138 916 1363 967 Congruunt
1382 915 1495 955 haec:
1526 917 1586 955 Et
1607 916 1657 955 Μ.
1676 928 1713 966 p.
1735 916 1827 965 379,
1843 915 1898 953 40

483 977 571 1025 ,Η
593 976 718 1036 παρὰ
750 978 803 1024 τὸ
838 980 956 1036 ἐρεῖν
990 979 1067 1031 τὰς
1097 979 1239 1036 ψυχὰς
1276 983 1370 1023 τῶν
1409 980 1622 1037 ἐρώντων
1659 989 1754 1031 τοῖς
1792 980 1898 1036 ἐρω-

409 1016 576 1106 μένοις
609 1044 633 1091 ὅ
665 1047 785 1092 ἐστιν
815 1045 1014 1092 ἕπεσθαι.
1062 1052 1122 1092 Et.
1141 1052 1192 1090 M.
1222 1063 1259 1101 p.
1281 1052 1373 1100 371,
1394 1052 1439 1089 ll
1468 1045 1667 1104 ”;Ερευνα
1700 1045 1827 1102 Παρὰ
1845 1042 1898 1090 τὸ

410 1117 512 1172 ἐρῶ,
540 1113 593 1159 τὸ
625 1115 817 1172 ἐρευνῶ·
838 1109 1034 1171 Ὅμηρος,
1063 1113 1141 1167 τὰς
1169 1115 1318 1171 ἐρέων.

524 1185 703 1235 Denique
741 1183 930 1224 derivatio
968 1184 1078 1224 vocis
1117 1179 1280 1233 πόθος,
1320 1196 1434 1235 quam
1465 1184 1656 1225 Cornutus
1685 1184 1899 1235 posteriore

409 1254 498 1292 loco
536 1252 685 1302 profert
719 1252 771 1301 (p.
793 1251 858 1299 48,
881 1252 938 1301 2),
979 1263 1058 1290 non
1093 1251 1293 1290 dissimilis
1333 1255 1392 1290 est
1429 1251 1654 1299 Philoxeni3
1692 1251 1740 1291 cf.
1769 1252 1829 1290 Et.
1849 1251 1900 1289 Μ.

409 1332 448 1370 p.
469 1320 563 1368 678,
580 1319 633 1357 32
664 1314 822 1366 Πόθος
843 1350 851 1358 .
871 1349 879 1358 .
899 1350 907 1358 .
940 1314 965 1358 ὁ
998 1316 1045 1358 δὲ
1070 1312 1312 1370 Φιλόξενος
1331 1315 1392 1366 εἰς
1411 1313 1464 1359 τὸ
1481 1313 1740 1373 Ῥηματικόν
1761 1310 1899 1358 αὐτοῦ

413 1385 542 1439 λέγει,
573 1379 661 1426 ἀπὸ
691 1385 775 1425 τοῦ
803 1381 966 1426 πεύθω
996 1383 1148 1438 γέγονε
1179 1382 1343 1439 πευθή,
1373 1384 1448 1426 καὶ
1477 1382 1615 1441 ποθή.

525 1452 611 1500 Quo
661 1455 790 1492 autem
841 1452 955 1491 modo
1000 1452 1098 1491 haec
1142 1452 1352 1492 Philoxeni
1396 1452 1596 1492 doctrinae
1641 1452 1807 1503 vestigia
1849 1451 1899 1490 acl

412 1521 622 1559 Cornutum
661 1520 927 1568 pervenerint,
965 1530 1045 1557 non
1085 1522 1251 1565 constat;
1291 1520 1358 1557 vix
1397 1519 1628 1558 crediderim
1668 1531 1754 1558 eum
1788 1519 1900 1556 illius

411 1599 532 1638 opera
561 1587 736 1625 manibus
766 1586 995 1625 versavisse.

527 1699 741 1739 Occasione
791 1698 884 1738 data
925 1699 1002 1738 iam
1046 1710 1164 1749 supra
1206 1698 1394 1748 indicavi,
1444 1710 1544 1749 quae
1589 1699 1779 1739 Cornutus
1822 1709 1900 1737 non

412 1767 571 1805 aliunde
615 1766 790 1805 hausisse
829 1766 900 1804 sed
938 1766 987 1804 de
1027 1777 1096 1804 suo
1136 1766 1332 1805 addidisse
1371 1766 1564 1813 videatur3
1607 1777 1733 1815 neque
1772 1768 1901 1803 tamen

412 1836 556 1883 omnia,
595 1846 695 1883 quae
733 1834 810 1873 huc
848 1835 1061 1884 pertinent,
1099 1835 1295 1884 respicere
1324 1835 1448 1884 potui;
1488 1835 1568 1872 alia
1595 1836 1759 1881 restant,
1798 1844 1900 1883 quae

412 1903 591 1941 libellum
621 1903 760 1940 iterum
790 1904 906 1950 atque
936 1902 1072 1939 iterum
1092 1903 1344 1951 perlustranti
1364 1902 1498 1950 aliqua
1518 1913 1603 1939 cum
1624 1901 1901 1951 probabilitate

413 1971 581 2010 Cornuto
624 1970 699 2019 ipsi
743 1969 951 2008 tribuenda
990 1969 1083 2008 mihi
1123 1969 1328 2008 videantur
1369 1981 1465 2008 esse.
1536 1969 1645 2008 Haec
1683 1969 1900 2008 accuratius

410 2037 606 2088 inspicere
636 2036 800 2076 fortasse
829 2048 908 2075 non
937 2036 1007 2075 abs
1036 2047 1078 2075 re
1109 2038 1178 2076 est.

525 2104 634 2150 Quae
663 2117 702 2153 p.
724 2104 996 2151 9,21-10,2
1036 2105 1222 2152 leguntur
1260 2100 1285 2144 ὁ
1323 2098 1406 2156 γὰρ
1441 2099 1717 2156 παραγαγών
1752 2105 1812 2151 εἰς
1846 2097 1903 2143 τὰ

411 2167 651 2225 πράγματα
690 2164 772 2226 τὴν
813 2168 1030 2211 κοινωίαν
1069 2170 1162 2211 τῶν
1201 2162 1463 2223 ἀνθρώπων
1501 2169 1576 2211 καὶ
1604 2168 1900 2224 παραγγείλας

412 2233 568 2287 αὐτοῖς
605 2235 663 2291 μὴ
705 2234 875 2279 ἀδικεῖν
915 2233 1123 2291 ἀλλήλοις
1159 2230 1293 2286 οὗτός
1333 2236 1438 2287 ἐστι,
1478 2239 1638 2278 Cornuti
1677 2240 1797 2288 ipsius
1832 2239 1900 2277 ad-

413 2306 625 2345 ditamenta
665 2317 750 2344 esse
791 2307 858 2343 vel
897 2317 918 2343 e
954 2305 1213 2355 parenthesis,
1254 2317 1369 2355 quam
1399 2308 1557 2353 vocant,
1597 2305 1901 2344 conformatione

412 2374 622 2412 verisimile
662 2376 733 2410 est.
790 2372 885 2411 Cum
924 2372 985 2410 his
1024 2372 1287 2422 comparanda
1322 2375 1411 2410 sunt
1441 2385 1504 2420 ea,
1543 2385 1567 2410 a
1595 2373 1734 2421 quibus
1763 2372 1812 2411 de
1841 2372 1901 2410 dis

412 2441 568 2479 bellicis
598 2451 716 2488 agere
747 2439 947 2477 exorditur
975 2451 1013 2488 p.
1033 2439 1142 2485 40,8
1172 2437 1246 2478 καὶ
1275 2435 1469 2486 τούτους
1500 2432 1539 2479 δ’
1569 2435 1740 2493 εἰσῆγεν
1764 2435 1825 2487 εἰς
1844 2435 1901 2479 τὰ

410 2503 648 2559 πράγματα
693 2502 717 2546 ὁ
763 2501 872 2554 Ζεύς
922 2502 1127 2558 ἐρεθίσας
1166 2519 1204 2545 κ.
1232 2520 1269 2545 τ.
1299 2507 1336 2546 λ.
1409 2507 1510 2544 Nam
1560 2506 1659 2544 haec
1708 2506 1902 2545 sententia

411 2574 575 2623 illepida
615 2578 652 2612 et
691 2573 814 2612 fusius
854 2574 1090 2622 explieata2)
1122 2573 1357 2623 Apollodori
1391 2574 1548 2622 ingenio
1575 2585 1655 2612 non
1684 2573 1803 2624 digna
1831 2570 1901 2621 est,

410 2642 540 2692 potius
582 2641 724 2691 puerili
771 2640 953 2691 discipuli
998 2640 1129 2690 captui
1173 2643 1230 2679 est
1277 2640 1472 2691 adaptata.
1540 2640 1642 2680 Huic
1679 2641 1805 2681 simile
1843 2643 1902 2680 est

526 2750 555 2795 ¹)
580 2749 686 2786 Corn.
711 2749 900 2796 Odysseae
924 2761 952 2795 φ
969 2751 1013 2785 22
1037 2752 1075 2785 et
1099 2761 1126 2794 φ
1144 2752 1183 2785 31
1211 2749 1411 2786 confundit.

526 2807 556 2850 ¹)
579 2805 740 2841 Dubium
764 2808 829 2850 est,
852 2816 937 2841 num
961 2805 1187 2851 insequentia
1210 2806 1259 2851 (v.
1279 2806 1429 2851 11-13)
1451 2805 1595 2852 integra
1617 2806 1698 2842 sint.
