2096 3129
803 643 946 688 vita.

252 751 376 790 Natus
406 758 489 786 sum
518 746 672 784 Bruno
703 744 816 791 Hugo
847 739 1053 781 Schmidt
1082 749 1184 777 anno
1208 737 1315 776 1888
1346 749 1381 775 a.
1401 736 1437 774 d.
1456 735 1540 774 VII.
1569 734 1620 772 id.

140 819 229 858 Mai.
255 820 366 868 patre
394 815 509 864 Hugo
537 816 658 851 matre
687 811 826 851 Ottilia
855 809 904 848 de
932 810 1047 857 gente
1076 805 1237 845 Fischer
1265 806 1306 842 in
1335 803 1480 853 oppido
1501 803 1620 841 Saxo-

141 885 360 933 Borussiae,
409 883 471 922 cui
519 892 660 920 nomen
709 881 767 917 est
809 875 1113 916 Aschersleben.
1184 873 1338 911 Patriae
1381 870 1621 920 gymnasium

140 951 385 1001 frequentavi
423 949 472 987 ab
512 958 613 986 anno
642 946 748 985 1897
779 956 850 994 per
884 954 1024 981 novem
1060 951 1194 979 annos.
1251 938 1483 976 Maturitatis
1517 937 1623 975 testi-

142 1019 309 1058 monium
338 1017 502 1068 adeptus
530 1018 573 1054 nt
601 1013 739 1053 studiis
768 1024 829 1051 me
859 1010 1043 1050 dederem
1061 1007 1313 1059 philologieis
1335 1008 1373 1044 et
1393 1004 1624 1054 germanicis

141 1076 371 1135 Friburgum
393 1083 568 1133 migravi,
586 1080 766 1127 ,eiusdem
785 1079 876 1117 anni
895 1080 1077 1116 autumno
1095 1075 1329 1121 Berolinum,
1348 1073 1414 1111 ubi
1432 1076 1493 1110 ter
1511 1082 1624 1109 senos

143 1164 295 1193 menses
333 1151 504 1191 studiose
541 1149 686 1200 peregi.
753 1148 915 1186 Ineunte
953 1146 1101 1183 aestate
1141 1142 1233 1181 anni
1261 1141 1368 1179 1908
1404 1139 1505 1178 hanc
1544 1137 1625 1176 adii

143 1220 338 1259 Musarum
366 1218 511 1257 sedem.

255 1287 480 1327 Docuerunt
507 1296 569 1324 me
598 1283 673 1323 viri
703 1282 807 1322 docti

144 1355 438 1404 Friburgenses:
478 1352 603 1400 Oohn,
650 1352 782 1390 Hense
797 1351 835 1399 †‚
874 1349 1022 1397 Kluge,
1061 1347 1103 1385 B.
1129 1344 1319 1393 Schmidt,
1356 1342 1627 1391 Thurneysen,

138 1427 141 1431 ’
201 1422 410 1472 Uebinger.

145 1490 432 1529 Berolinenses:
482 1489 610 1536 Diels,
661 1483 903 1533 Hirschfeld,
949 1481 1332 1530 Lehmann-Haupt,
1376 1477 1447 1516 Ed.
1482 1478 1629 1526 Meyer,

172 1609 174 1611 ,
202 1556 368 1606 Boetho,
412 1556 587 1604 Simmel,
626 1556 669 1593 E.
706 1552 895 1599 Schmidt,
934 1551 996 1589 W.
1027 1549 1210 1598 Schnlze,
1251 1547 1408 1586 Vahlen
1422 1548 1458 1594 †,
1503 1546 1550 1584 U.
1580 1543 1629 1583 de

130 1622 150 1637 '⁸
201 1621 762 1663 Wilamowitz-Moellendorff.

147 1693 355 1731 Halenses:
396 1690 570 1738 Beohte1‚
607 1690 776 1736 Bremer,
813 1685 1048 1733 Heldmann,
1083 1683 1167 1722 Ihm
1183 1684 1221 1733 †,
1256 1682 1376 1729 Rern,
1411 1680 1631 1729 Praechter,

204 1759 360 1807 Robort,
388 1757 523 1805 Saran,
552 1755 728 1804 Stranch,
758 1755 958 1793 Wissowa.

259 1826 551 1875 Philologorum
587 1821 857 1874 proseminarii
891 1818 1230 1860 exercitationibus
1270 1815 1426 1855 interfui
1460 1814 1631 1853 Berolini

149 1906 220 1945 per
256 1894 314 1933 bis
352 1904 466 1932 senos
507 1902 657 1931 menses
691 1889 915 1940 regentibus
950 1888 1076 1935 Diels,
1117 1886 1249 1934 Helm,
1285 1884 1481 1930 Wentzel,
1521 1882 1631 1920 Halis

149 1973 220 2011 per
245 1973 315 2000 sex
341 1972 491 2000 menses
516 1959 739 2010 regentibus
759 1954 987 1997 Consbrnch
1007 1957 1045 1993 et
1064 1953 1165 2000 Ihm;
1195 1952 1392 1991 seminarii
1411 1950 1557 1989 sodalis
1576 1949 1634 1987 fui

150 2041 221 2079 per
259 2031 319 2068 ter
357 2040 472 2067 senos
510 2039 661 2066 menses
700 2024 986 2064 moderantibus
1020 2023 1147 2070 Kern,
1183 2018 1403 2066 Praechter‚
1433 2018 1631 2055 Wissowa.

152 2096 218 2135 Ad
266 2096 562 2135 exercitationes
612 2094 854 2145 germanicas
903 2103 964 2130 me
1007 2089 1245 2128 admiserunt
1286 2087 1456 2134 Bremer,
1499 2085 1633 2133 Saran,

152 2163 327 2203 Strauch.

264 2231 411 2278 Quibus
453 2231 546 2270 viris
590 2229 811 2270 clarissimis
863 2226 1038 2267 omnibns
1081 2227 1233 2275 gratum
1277 2233 1428 2272 semper
1470 2220 1634 2260 servabo

153 2300 331 2348 animum,
359 2299 400 2337 in
429 2298 563 2349 primis
593 2301 722 2337 autem
752 2295 884 2335 Ottoni
912 2295 1033 2342 Kern,
1062 2293 1130 2342 qui
1150 2291 1252 2330 hanc
1273 2289 1634 2329 commentationem

153 2365 204 2405 ad
232 2364 551 2406 conscribendam
580 2377 641 2404 me
670 2363 846 2403 incitavit
874 2372 1102 2411 semperque
1131 2357 1496 2398 benevolentissime
1517 2366 1636 2405 opera

155 2435 194 2472 et
223 2434 386 2473 consilio
414 2445 476 2473 me
505 2433 664 2473 adiuvit.
