2096 3129
401 162 455 199 90

400 277 554 313 secutus
602 274 831 314 Cleanthem
886 275 997 314 illum
1052 276 1175 315 solem
1223 276 1515 326 interpretatum
1564 287 1649 315 esse
1698 275 1888 326 opinatur.

399 341 508 389 Quae
540 343 764 381 coniectura
790 342 1007 393 probabilis
1037 345 1112 392 est,
1151 354 1238 382 cum
1268 342 1497 383 Cleanthem
1525 342 1707 383 Liberum
1736 344 1886 394 patrem

399 410 565 448 similem
609 410 650 447 in
690 409 845 449 modum
883 411 1117 459 explanasse
1157 422 1179 449 e
1217 411 1413 449 Macrobio
1453 412 1604 449 constet
1640 410 1693 459 (S.
1714 411 1733 449 1
1755 411 1818 458 18,
1836 411 1888 448 14

397 476 503 516 unde
524 474 730 516 Cleanthes
753 477 814 516 ita
838 478 1153 527 eoqnominatum
1177 478 1313 517 scribit
1331 472 1421 519 ἀπὸ
1441 476 1525 518 τοῦ
1546 473 1763 527 διανύσαι,
1793 478 1888 527 quia

399 544 597 582 cotidiano
625 546 771 592 impetu
800 545 851 583 ab
880 546 1026 583 oriente
1056 545 1111 583 ad
1138 556 1319 584 occasum
1345 546 1445 584 diem
1462 548 1687 593 noctemque
1703 545 1887 594 faciendo

400 611 501 650 caeli
538 611 694 659 conficit
729 613 911 661 eurswm).
968 613 1029 650 De
1058 612 1241 650 Herculis
1277 615 1405 651 autem
1440 612 1560 651 solari
1595 612 1753 651 notione
1789 610 1888 651 haec

399 678 567 727 legimus
606 678 710 728 apud
747 678 1007 728 Porphyrium
1046 678 1126 729 (ap.
1160 679 1300 717 Euseb.
1336 680 1380 718 P.
1406 679 1450 717 E.
1476 679 1533 718 111
1562 679 1624 727 11,
1640 679 1726 729 25);
1766 675 1886 719 καθὸ

400 743 448 785 δὲ
488 741 748 796 ἀλεξίκακός
786 742 879 786 ἐστι
917 745 1010 786 τῶν
1046 743 1254 798 ἐπιγείων
1283 741 1308 786 ὁ
1339 738 1479 799 ἥλιος,
1514 742 1723 799 Ἡρακλέα
1752 754 1888 798 προσ-

400 817 531 853 εῖπον
567 808 723 862 αὐτόν,
762 809 812 853 ἐκ
848 811 932 854 τοῦ
968 812 1163 854 κλᾶσθαι
1198 807 1340 854 αὐτὸν
1374 807 1488 867 πρὸς
1527 805 1631 867 ἀέρα
1670 808 1746 853 ἀπ’
1784 804 1888 853 ἄνα-

400 879 536 934 τολῆς
570 877 631 926 εἰς
671 876 797 920 δύσιν
823 876 975 929 ξίόντα.
1036 875 1207 920 δώδεκα
1248 877 1295 920 δὲ
1326 873 1495 927 ἄθλους
1524 877 1760 933 ἐκμοχθεῖν
1789 876 1887 932 ἐμυ-

400 941 673 1001 θολόγησαν,
708 946 790 1000 τῆς
823 944 937 988 κατὰ
972 941 1055 989 τὸν
1084 940 1283 1000 ου’ρανὸν
1312 945 1562 1000 διαιρέσεως
1589 946 1683 988 τῶν
1713 944 1887 1001 ζῳδίων

399 1009 452 1053 τὸ
483 1008 713 1066 σύμβολον
741 1011 1084 1067 ἐπιφημίσαντες
1101 1025 1109 1034 ·
1141 1009 1346 1067 ῥόπαλον
1376 1006 1415 1054 δ’
1445 1011 1569 1068 αὐτῷ
1597 1012 1672 1054 καὶ
1700 1014 1888 1068 λεοντῆν

400 1077 680 1133 περιέθεσαν,
710 1075 764 1120 τὸ
792 1078 874 1133 μὲν
902 1080 982 1133 τῆς
1011 1073 1265 1133 ἀνωμαλίας
1292 1074 1481 1135 μήνυμα,
1510 1075 1564 1121 τὸ
1594 1077 1641 1121 δὲ
1667 1079 1745 1134 τῆς
1773 1073 1889 1120 κατὰ

398 1143 452 1187 τὸ
482 1142 645 1199 ζῴδιον
670 1143 989 1199 ἑμφανιστικόν
1014 1143 1182 1200 ἰσχύος;
1216 1148 1264 1186 cf.
1284 1148 1455 1186 Macrob.
1475 1148 1513 1186 S.
1532 1148 1553 1185 1
1573 1149 1638 1195 20,
1657 1149 1707 1185 10
1736 1159 1778 1186 re
1796 1159 1888 1186 vera

399 1214 611 1254 Herculem
638 1215 759 1255 solem
789 1226 871 1255 esse
898 1215 961 1254 vel
991 1227 1036 1254 ex
1062 1216 1219 1254 nomine
1248 1215 1380 1254 claret.
1425 1210 1633 1270 Ἡρακλῆς
1664 1216 1765 1254 enim
1794 1215 1890 1263 quid

402 1283 517 1321 aliud
554 1285 612 1321 est
649 1283 729 1322 nisi
756 1274 886 1335 ‘Hpag
922 1283 967 1321 id
1003 1286 1063 1321 est
1097 1274 1224 1335 ἀέρος
1258 1280 1417 1330 κλέοςῗ
1475 1282 1556 1321 Has
1592 1283 1801 1332 allegorias
1837 1282 1886 1321 ab

400 1349 647 1401 Apollodoro
687 1350 839 1389 alienas
877 1362 960 1389 esse
999 1351 1066 1389 vel
1106 1349 1196 1389 inde
1232 1352 1401 1399 constat,
1440 1349 1544 1399 quod
1573 1350 1782 1390 Herculem
1810 1362 1888 1389 una

400 1429 488 1456 cum
532 1418 754 1457 Castoribus
799 1421 838 1456 et
875 1418 1115 1467 Aesculapio
1160 1418 1262 1456 inter
1307 1429 1372 1456 eos
1413 1418 1630 1456 numeravit
1669 1418 1779 1466 deos,
1822 1419 1888 1467 qui

399 1487 558 1535 propter
583 1477 729 1524 'eximia
766 1497 860 1535 ergo
898 1484 1095 1524 hominum
1124 1497 1247 1535 genus
1276 1484 1464 1525 beneficia
1494 1485 1646 1524 divinos
1666 1485 1888 1536 acceperint

400 1552 579 1591 honores.
589 1553 619 1601 ¹)
677 1552 755 1592 Sed
789 1554 914 1602 potuit
942 1552 1198 1602 Porphyrius,
1238 1556 1281 1591 ut
1314 1553 1395 1590 alia
1423 1552 1659 1602 Apollodori
1689 1564 1738 1591 ex
1768 1564 1886 1603 opere

399 1620 543 1669 hausit,
580 1620 754 1661 Stoicum
792 1620 986 1670 quendam
1020 1621 1162 1660 librum
1196 1620 1322 1669 adire,
1362 1632 1438 1670 quo
1469 1620 1672 1660 Cleanthis
1709 1621 1886 1660 doctrina

398 1688 786 1739 perstringebatur32)
826 1691 865 1727 et
898 1687 1002 1727 idem
1038 1688 1142 1727 cadit
1170 1689 1212 1726 in
1240 1688 1427 1727 Macrobii
1456 1691 1673 1737 auctorem,
1712 1689 1745 1727 si
1774 1687 1887 1727 modo

399 1756 500 1794 alius
530 1755 614 1795 fuit.

512 1833 704 1874 Cornutus
741 1833 958 1873 Alcmenae
997 1835 1037 1873 et
1069 1833 1368 1884 Amphitryonis
1406 1831 1530 1872 filium
1569 1845 1648 1873 non
1687 1833 1737 1873 ab
1775 1833 1885 1874 initio

399 1901 514 1940 deum
543 1901 661 1941 fuisse
690 1901 900 1950 contendit,
929 1902 999 1941 sed
1017 1902 1206 1952 paulatim
1225 1904 1384 1951 propter
1403 1902 1621 1951 singulares
1641 1902 1802 1941 virtutes
1824 1902 1887 1941 dei

397 1970 546 2009 similes
565 1969 640 2010 hoc
658 1981 800 2009 nomen
818 1970 994 2009 meritum
1015 1981 1111 2009 esse.
1153 1968 1304 2009 Similia
1322 1969 1363 2008 in
1377 1969 1565 2009 Macrobii
1579 1969 1887 2010 Saturnaliorum

399 2039 501 2077 libro
521 2038 541 2075 I
568 2037 735 2087 legimus
764 2039 865 2087 (cap.
886 2038 951 2086 20,
968 2037 1026 2088 6):
1057 2037 1137 2076 Sed
1163 2049 1212 2075 ne
1230 2037 1422 2076 Hercules
1444 2038 1598 2085 quidem
1618 2049 1644 2075 a
1662 2038 1887 2076 substantia

399 2105 495 2144 solis
516 2105 670 2144 alienus
690 2107 758 2150 est,
779 2106 918 2153 quippe
931 2105 1123 2144 Hercules
1143 2116 1190 2143 ea
1209 2107 1269 2143 est
1285 2105 1382 2143 solis
1392 2107 1574 2153 potestas
1594 2116 1695 2152 quae
1715 2105 1886 2143 humano

398 2173 532 2222 yeneri
564 2174 745 2212 virtutem
782 2174 837 2211 ad
864 2173 1159 2212 similitudinem
1180 2175 1366 2221 praestat
1393 2173 1561 2211 deorum.
1609 2184 1680 2211 nee
1709 2174 1887 2212 aestimes

398 2239 593 2278 Alcmena
628 2240 736 2288 apud
765 2240 916 2278 Thebas
944 2240 1133 2278 Boeotias
1167 2243 1307 2278 natum
1341 2241 1468 2279 solum
1501 2240 1564 2278 vel
1583 2241 1757 2287 primurm
1784 2240 1885 2278 Her-

399 2308 522 2348 culem
558 2311 848 2357 nuncupatum:
886 2309 1003 2347 immo
1030 2310 1128 2357 post
1154 2308 1298 2347 multos
1328 2311 1445 2356 atque
1464 2310 1688 2356 postremus
1716 2308 1785 2347 ille
1813 2308 1887 2348 hae

399 2376 663 2424 appellatione
700 2376 887 2425 dignatus
924 2379 983 2414 est
1016 2377 1307 2424 honoratusque
1341 2376 1413 2414 hoe
1446 2376 1603 2414 nomine
1637 2376 1731 2424 quia
1761 2377 1887 2414 nimia

397 2445 631 2494 fortitudine
664 2446 806 2484 meruit
837 2456 979 2483 nomen
1016 2445 1079 2483 dei
1105 2445 1288 2483 virtutem
1315 2445 1494 2493 reyentis.
1551 2444 1728 2483 Nominis
1757 2448 1886 2484 autem

398 2512 751 2562 interpretamenta,
782 2523 883 2562 quae
912 2511 1016 2562 apud
1041 2511 1299 2562 Porphyrium
1329 2515 1369 2550 et
1388 2511 1625 2550 Macrobium
1653 2513 1846 2562 leguntur,
1854 2513 1886 2562 ³)

513 2668 542 2712 ²)
566 2666 622 2704 Cf.
646 2665 786 2703 Zucker
808 2666 832 2702 1.
849 2666 873 2702 l.

511 2725 543 2768 ²)
567 2723 624 2760 Cf.
647 2722 691 2760 U.
715 2722 762 2759 de
777 2722 1032 2768 Wilamowitz,
1055 2722 1252 2768 Euripides
1276 2721 1456 2758 Herakles
1478 2721 1515 2757 1¹
1539 2733 1575 2768 p.
1593 2724 1669 2758 285.

510 2782 541 2826 ⁸)
564 2778 619 2816 Cf.
643 2778 835 2816 Seleucum
859 2790 917 2826 ap.
941 2778 1202 2826 ReitzensteIn,
1225 2778 1359 2816 Gesch.
1380 2777 1522 2816 Griech.
1538 2779 1660 2826 Etym.
1684 2789 1720 2826 p.
1739 2781 1815 2826 160,
1831 2781 1886 2816 21.
