2096 3129
1650 174 1701 212 41

219 291 285 340 qui
305 289 501 330 Bacchum
529 291 768 339 comitantur,
798 290 1064 338 adnectuntur,
1095 302 1194 339 quae
1215 290 1392 329 similiter
1412 292 1528 339 atque
1548 289 1705 328 illorum

218 359 488 408 cognominum
528 359 751 408 explanatio
792 358 842 397 ad
881 359 1071 398 ebriorum
1112 370 1237 397 mores
1276 360 1464 407 spectant.
1520 358 1611 396 Non
1646 357 1702 395 in-

218 437 332 465 versa
359 425 639 475 interpretandi
667 426 818 465 ratione
848 448 903 454 —
933 425 980 465 cf.
1000 420 1170 466 τούτου
1192 422 1238 465 δὲ
1258 419 1408 465 ἕνεκεν
1435 436 1471 475 p.
1493 425 1558 472 59,
1577 425 1628 463 12
1650 447 1704 452 -

220 492 268 531 de
288 492 434 531 Bacchi
459 495 670 531 statuarum
690 494 819 543 specie
841 493 1050 540 disseritur,
1079 504 1205 541 neque
1225 493 1501 531 sententiarum
1521 492 1705 531 decursus

217 560 506 609 interrumpitur
543 571 664 610 usque
703 560 753 599 ad
788 572 825 610 p.
847 560 912 607 59,
929 561 993 598 21.
1052 558 1204 599 Dehinc
1243 571 1342 609 quae
1383 558 1430 598 de
1467 559 1623 609 organis
1653 558 1704 597 ad

218 627 349 666 Liberi
385 627 506 677 patris
546 628 690 666 cultum
725 627 909 666 adhibitis
949 626 1142 674 dicuntur,
1183 638 1230 666 ea
1266 638 1351 666 cum
1386 626 1704 666 antecedentibus

218 705 297 732 non
325 695 401 733 nisi
429 695 519 734 laxe
548 696 732 745 copulata
761 697 864 742 sunt3
895 694 963 733 sed
993 694 1128 733 eadem
1154 695 1341 733 retinetur
1360 695 1575 744 allegoriae
1593 695 1703 733 ratio.

218 761 427 801 Adduntur
465 762 655 812 quaedam
697 762 744 802 de
783 762 936 811 thyrsis.
994 762 1289 812 Insequentibus
1330 763 1545 812 exponitur,
1584 774 1703 812 quare

218 829 396 868 Bacchus
446 834 485 868 et
528 830 760 869 adulescens
801 833 840 868 et
878 841 998 869 senex
1035 829 1218 879 fingatur:
1261 828 1359 868 haec
1404 830 1453 868 ab
1496 830 1560 878 iis,
1603 841 1703 879 quae

218 909 256 947 p.
276 897 521 945 59‚12—21
554 898 602 936 de
641 898 705 937 dei
742 898 877 937 statuis
918 899 1129 948 explanata
1164 900 1289 945 erant,
1328 909 1407 936 non
1437 898 1535 936 bene
1565 898 1704 936 avulsa

219 976 304 1003 esse
333 967 506 1015 apparet.
553 966 762 1014 Allegoria
792 968 930 1013 autem,
960 977 1037 1014 qua
1057 965 1186 1013 Satyri
1205 976 1290 1003 cum
1310 964 1503 1015 Nymphis
1522 965 1702 1004 ludentes

220 1032 271 1071 ad
300 1033 431 1071 vinum
459 1045 561 1083 aqua
588 1036 692 1072 recte
722 1036 976 1083 temperatum
1004 1032 1235 1080 referuntur,
1275 1044 1361 1071 cum
1390 1033 1446 1081 iis,
1485 1032 1624 1082 quibus
1653 1032 1701 1071 de

220 1100 384 1139 Bacchis
423 1112 492 1150 per
530 1100 760 1139 solitudines
795 1101 945 1149 vagatis
984 1101 1119 1149 agitur,
1159 1101 1251 1138 olim
1287 1099 1504 1139 cohaesisse
1538 1100 1703 1139 videtur.

218 1169 258 1207 A
292 1169 420 1218 p.,60‚
444 1169 495 1206 16
534 1180 657 1218 usque
689 1168 746 1206 ‘ad
785 1180 821 1218 p.
850 1169 914 1216 61,
936 1168 963 1206 4
1001 1168 1223 1207 narratione
1261 1170 1451 1218 perpetua
1490 1167 1553 1206 dei
1591 1179 1703 1207 sacra

217 1238 514 1285 pertractantur.
572 1235 680 1282 Quae
710 1236 759 1274 de
788 1235 915 1274 ferula
944 1235 1148 1283 adduntur,
1177 1238 1303 1274 utrum
1333 1248 1380 1274 ea
1408 1235 1483 1274 hac
1512 1247 1599 1274 cum
1626 1235 1702 1274 dis-

218 1304 428 1353 putationis
466 1305 577 1353 parte
617 1302 888 1353 coniungenda
927 1303 1017 1351 sint,
1057 1315 1108 1341 an
1137 1314 1223 1341 cnm
1252 1302 1471 1351 thyrsorum
1502 1303 1700 1353 explicati—

219 1372 356 1411 onibus
390 1383 428 1421 p.
456 1371 520 1420 60,
536 1372 658 1420 4-9,
699 1383 861 1421 quarum
901 1372 999 1409 ratio
1039 1383 1118 1409 non
1159 1370 1354 1410 dissimilis
1395 1373 1468 1418 est,
1507 1372 1547 1409 in
1586 1370 1701 1409 dubio

217 1439 514 1490 relinquendum
552 1442 621 1481 est.
679 1439 792 1480 Certe
828 1452 852 1478 a
887 1439 949 1478 dei
983 1451 1179 1478 sacrorum
1214 1440 1488 1489 explanatione
1522 1440 1635 1490 picae
1663 1442 1703 1478 et

219 1507 399 1556 hederae,
429 1519 529 1556 quae
548 1507 694 1547 Bacchi
723 1519 856 1546 sacrae
887 1507 1094 1546 creduntur
1115 1519 1211 1557 esse,
1241 1508 1456 1556 allegoriae
1475 1510 1702 1558 segregatae

218 1578 322 1623 sunt;
368 1586 464 1625 quas
511 1577 645 1614 auctor
683 1586 770 1614 cum
808 1575 915 1623 aliis,
954 1575 995 1613 in
1034 1575 1167 1625 primis
1206 1586 1292 1614 cum
1331 1574 1394 1614 dei
1433 1576 1702 1625 cognominum

217 1644 597 1693 interpretationibus
640 1643 838 1690 conflavit,
882 1643 938 1681 ita
980 1645 1124 1690 tamen,
1168 1646 1210 1681 ut
1246 1654 1326 1681 non
1365 1642 1464 1681 desit
1502 1644 1587 1681 ulla
1625 1643 1701 1681 dis-

217 1709 388 1761 ponendi
434 1711 553 1750 ratio:
603 1722 693 1749 nam
741 1710 905 1761 primum
956 1710 1235 1760 cognomininis
1279 1705 1555 1764 διθύραμβος
1597 1711 1701 1749 notio

216 1778 340 1817 fusius
376 1778 569 1827 variisque
607 1778 819 1817 rationibus
858 1778 1086 1828 explicatur,
1124 1777 1264 1816 deinde
1294 1778 1537 1827 subiungitur
1565 1778 1702 1817 similis

217 1846 325 1885 vocis
369 1844 588 1899 θρίαμβος
628 1846 941 1895 veriloquium,1)
985 1845 1035 1884 ad
1080 1844 1184 1894 quod
1226 1848 1385 1895 propter
1421 1845 1702 1895 interpretandi

217 1915 421 1964 aequalem
459 1915 665 1962 rationem,
703 1916 745 1952 ut
785 1913 937 1952 videtur
970 1913 1034 1963 (cf.
1066 1908 1155 1954 ἀπὸ
1190 1911 1274 1953 τοῦ
1304 1913 1462 1966 θροεῖν
1497 1911 1572 1953 καὶ
1606 1909 1702 1966 ἰαμ-

218 1979 356 2032 βίζειν
387 2004 440 2008 -
471 1977 533 2028 054,-
568 1977 710 2021 λάλον
740 1975 926 2034 ὄρνεον),
963 1980 1191 2028 adnectitur,
1228 1992 1304 2029 qua
1334 1980 1381 2019 de
1412 1992 1529 2020 causa
1556 1981 1703 2020 Bacchi

217 2049 306 2098 pica
344 2060 456 2087 sacra
496 2049 554 2087 sit.
611 2049 870 2098 Insequuntur
899 2048 1170 2097 cognominum
1203 2048 1559 2097 interpretationes,
1595 2048 1703 2087 cuius

216 2116 323 2166 prior
351 2115 669 2170 antecedentibus
697 2116 1046 2166 interpretamentis
1077 2117 1243 2166 cognata
1271 2118 1345 2163 est;
1384 2115 1435 2154 ad
1464 2115 1703 2165 cognominis

216 2179 479 2237 εἰραφιώτης
508 2184 777 2232 veriloquium,
808 2183 912 2232 quod
941 2182 991 2221 ad
1021 2184 1153 2222 viuum
1181 2183 1289 2221 rixae
1309 2185 1505 2222 auctorem
1524 2184 1702 2233 pertinet,

330 2349 357 2395 ¹)
381 2349 567 2387 Editorem
591 2350 813 2387 enuntiatum
836 2346 1363 2397 καθαιρετικός-θρίαμβον
1386 2352 1470 2385 ante
1493 2349 1606 2386 verba
1622 2346 1643 2385 ὁ
1661 2348 1699 2386 δὲ

216 2403 408 2454 θρίαμβος
422 2406 512 2445 falso
528 2407 793 2454 transposuisse
809 2417 951 2445 censeo.
991 2407 1080 2444 Nam
1097 2407 1178 2444 talis
1194 2406 1359 2444 eiusdem
1374 2406 1543 2444 vocabuli
1556 2406 1700 2443 iteratio

216 2472 238 2497 a
269 2462 416 2498 Cornuti
447 2464 709 2500 consuetudine
740 2464 926 2506 abhorret3
959 2467 996 2499 et
1026 2464 1057 2499 si
1080 2467 1180 2499 recta
1202 2466 1311 2508 esset,
1341 2467 1623 2499 consentaneum
1647 2466 1702 2499 est

217 2528 344 2555 vocem
368 2518 561 2567 θρίαμβος
583 2532 656 2558 non
678 2530 789 2566 posse
813 2520 869 2557 bis
893 2520 965 2557 dici
980 2520 1117 2557 variata
1130 2520 1290 2566 notione,
1313 2523 1351 2556 at
1366 2523 1424 2556 est
1439 2520 1538 2557 notio
1554 2519 1700 2564 variata,

216 2586 297 2612 nam
319 2575 376 2612 his
400 2573 469 2612 τόν
500 2574 541 2613 ἐν
564 2582 646 2621 ταῖς
668 2580 894 2623 πολεμικαῖς
916 2577 1038 2620 νίκαις
1062 2574 1255 2623 ἀγόμενον
1278 2577 1468 2624 θρίαμβον
1482 2577 1702 2622 intellegitur

216 2632 351 2668 Bacchi
377 2632 491 2678 ipsius
522 2634 742 2680 triumphus,
773 2633 1046 2679 insequentibus
1074 2637 1195 2670 autem
1217 2633 1277 2669 dei
1299 2634 1479 2669 cultorum
1501 2643 1634 2679 pompa
1656 2653 1700 2658 —

217 2689 318 2734 quod
348 2689 443 2736 Lydi
472 2689 519 2726 de
550 2701 662 2727 mens.
691 2691 800 2728 simili
829 2690 913 2727 loco
942 2690 988 2727 ab
1019 2689 1263 2727 Hefermehlio
1287 2690 1310 2726 l.
1326 2690 1349 2725 1.
1373 2701 1407 2735 p.
1425 2693 1468 2726 29
1492 2690 1572 2725 adn.
1591 2694 1609 2724 7
1640 2700 1700 2725 ex-

215 2745 352 2791 scripto
381 2744 559 2790 probatur
580 2766 635 2792 —,
668 2746 823 2783 invicem
855 2746 1041 2782 enuntiato
1066 2739 1163 2782 ὅθεν
1186 2743 1475 2791 καὶ-χρῶνται
1499 2744 1701 2790 triumphus

217 2801 437 2847 designatur.
