2096 3129
1617 195 1669 234 75

229 307 300 354 Ap.
335 308 447 355 Soph.
481 319 517 354 p.
546 311 623 354 164,
647 311 704 344 10:
749 308 893 355 Φοῖβος
1008 308 1112 344 Corn.
1138 319 1174 354 p.
1191 311 1319 353 66‚18:
1350 304 1448 352 μετὰ
1480 305 1520 344 δὲ
1552 308 1671 342 ταῦτα

186 360 370 400 ἐπίθετον
402 361 644 406 Ἀπόλλωνος.
684 354 705 400 ὃ
737 363 810 408 μὲν
831 367 891 399 Αι-
921 402 923 412 Ι
965 365 1108 410 Φοῖβος
1129 362 1201 407 μὲν
1224 362 1373 408 λέγεται
1397 361 1458 398 διὰ
1481 360 1527 398 τό
1549 366 1669 398 καθα-

185 417 323 465 σχύλος
358 416 435 456 ἀπὸ
475 420 618 467 Φοίβης
652 424 718 465 τῆς
751 417 894 466 μητρός
921 413 924 436 ¹
963 417 1031 466 ρός
1055 416 1152 456 εἶναι
1175 421 1240 455 καὶ
1264 416 1448 466 λαμπρός.

184 478 334 521 Λητοῦς
348 488 356 496 ·
371 472 534 524 (Όμηρος
558 475 598 514 δὲ
617 471 798 513 οὐδέποτε
816 470 891 512 ἀπὸ

183 529 362 579 μητέρων
392 537 533 578 κοσμεῖ
562 527 682 575 τινάς,
714 528 807 578 μηθ’
832 528 893 569 ὅτι

184 586 224 626 δὲ
261 585 428 635 μάμμης.
489 590 635 636 Φοῖβον
670 584 740 626 οὖν
772 586 893 626 ἐκδεκ·

184 642 270 680 τέον
300 641 378 680 α’πό
407 648 475 682 τοῦ
499 648 732 692 φοιβᾶσθαι,
763 640 787 681 δ’
811 642 893 682 ἐστι

183 699 464 745 μαντεύεσθαι,
508 697 532 748 ἢ
567 701 630 737 καὶ
671 697 835 748 βέλτιον,
871 697 891 737 ὃ

184 754 360 802 καθαρὸς
380 758 446 793 καὶ
471 751 661 802 ἀμίαντος.

229 836 265 870 p.
284 828 409 871 19‚26:
427 820 695 871 ἀκερσεκόμης
712 821 893 862 ἐπίθετον
1006 836 1042 871 p.
1068 828 1194 869 66,19:
1223 825 1286 860 καὶ
1318 820 1513 865 ἐπιθέτοις
1544 821 1670 866 ἄλλοις

184 875 435 923 Ἀπόλλωνος·
476 881 644 928 ηΦοῖβος
688 876 894 929 ἀκερσεκό-
962 879 1015 924 εἰς
1053 877 1172 917 αύτόν
1204 885 1388 928 χρῶνται,
1424 879 1670 927 χρυσοκόμαν

184 950 255 983 μης
286 932 312 984 ή
343 931 375 973 δ’
392 933 562 982 Ἄρτεμις
586 935 786 984 Ζοχέαιρα“,
817 931 891 974 ἀπὸ
961 939 1026 973 καὶ
1039 934 1669 984 ἀκειρεκόμανπροσαγορεύοντες,

184 996 254 1030 τοῦ
299 990 354 1040 μή
395 993 600 1040 κείρεσθαι
641 992 713 1040 τήν
746 992 892 1039 κόμην·
963 991 1089 1040 ἐπειδὴ
1129 989 1332 1040 χρυσωπός
1371 990 1457 1030 ἐστι
1495 995 1560 1029 καὶ
1596 991 1668 1037 ἔξω

185 1044 359 1096 ἀπενθὴς
383 1048 457 1097 γὰρ
475 1046 498 1087 ό
515 1047 622 1093 θεός.
659 1050 713 1088 Cf.
731 1050 891 1097 Hesyoh.
960 1047 1130 1092 πένθους
1153 1048 1356 1092 καθεστὼς
1379 1047 1441 1086 διὰ
1464 1047 1535 1096 τὴν
1558 1046 1669 1097 ἁγνό-

184 1118 212 1143 s.
229 1118 264 1143 v.
289 1102 562 1154 ἇκερσεκόμης.
960 1119 1067 1153 τητα.

297 1212 347 1250 Et
374 1212 481 1250 iuvat
510 1211 654 1251 addere
683 1212 889 1262 Apollonii
917 1215 956 1251 et
984 1212 1172 1250 Macrobii
1202 1223 1447 1251 consensum:

230 1300 335 1342 p.90‚
352 1301 412 1333 16:
442 1293 524 1343 ‘t'nog
548 1293 570 1333 o‘
592 1295 788 1341 Ἀπόλλων,
813 1293 890 1333 ἀπό
1006 1297 1075 1334 S.I
1103 1301 1153 1343 17,
1171 1301 1228 1333 16:
1265 1325 1273 1334 .
1297 1326 1304 1333 .
1335 1326 1343 1333 .
1375 1298 1445 1333 duo
1483 1298 1670 1343 eademque

185 1357 250 1399 τῆς
280 1353 437 1397 τοξείας.
475 1349 567 1390 ἔνιοι
601 1352 641 1391 δὲ
668 1356 790 1400 ψιλῶς
816 1350 891 1389 ἀπό
960 1353 1174 1400 cognomina
1204 1353 1302 1390 circa
1332 1353 1494 1400 sinq-ulos
1525 1354 1669 1401 effectus

186 1414 251 1455 τῆς
274 1407 438 1452 ἰάσεως·
465 1405 543 1456 ηἴηε
571 1411 726 1457 Φοῖβε“.
958 1410 1122 1457 propriis
1162 1410 1481 1446 enuntiationibus
1519 1412 1670 1457 signant

959 1466 1185 1512 appellantes
1207 1467 1311 1502 deum
1327 1463 1440 1512 Ἰήιον
1456 1468 1564 1512 atquc
1580 1468 1670 1502 Παι-

961 1526 1044 1559 ᾶνα.
1109 1523 1208 1569 Quae
1257 1523 1473 1570 cognomina
1525 1523 1672 1569 utrique

453 1593 472 1615 ν
948 1579 1104 1626 ‚effectui
1138 1581 1227 1624 apta
1260 1582 1364 1624 sunt,
1400 1584 1441 1615 ut
1476 1580 1527 1615 sit
1562 1576 1672 1625 Ἰήιος

229 1634 284 1672 Cf.
307 1635 411 1672 Corn.
435 1647 470 1681 p.
489 1639 543 1682 69,
559 1639 610 1672 17.
962 1631 1038 1671 ἀπό
1065 1638 1132 1671 τοῦ
1157 1633 1293 1671 ἰᾶσθαι
1317 1636 1357 1671 id
1380 1638 1433 1672 est
1456 1648 1480 1672 a
1495 1636 1671 1681 sanando,

961 1694 995 1728 et
1040 1689 1165 1728 Παιὰν
1203 1685 1279 1728 ἀπὸ
1319 1697 1388 1728 τοῦ
1427 1689 1564 1729 παύειν
1604 1690 1671 1734 τὰς

962 1742 1085 1791 ἀνίας,
1125 1750 1158 1784 et
1196 1759 1324 1784 rursus
1349 1744 1458 1794 Ἰήιος
1493 1744 1569 1784 ἀπὸ
1602 1753 1671 1785 τοῦ

961 1801 1043 1841 ἶένα
1067 1805 1113 1840 ab
1136 1804 1356 1841 immitendo.
1366 1806 1395 1849 ¹)

302 1909 442 1948 Paucis
487 1909 695 1949 absolvere
733 1909 827 1948 lieet
872 1921 933 1959 ea,
978 1920 1077 1959 quae
1117 1908 1307 1949 Cornutus
1346 1908 1393 1948 de
1432 1909 1522 1948 Dite
1561 1911 1671 1959 patre

187 1978 323 2026 iisque,
354 1989 454 2027 quae
482 1976 586 2026 apud
616 1976 762 2015 inferos
791 1976 998 2016 creduntur
1025 1988 1119 2025 esse,
1149 1978 1323 2027 exponit3
1353 1977 1492 2015 etenim
1515 1978 1670 2015 Tartari

184 2045 379 2084 fluminum
429 2045 769 2095 interpretationes
819 2057 905 2084 oum
954 2045 1192 2095 Apollodori
1235 2045 1280 2083 fr.
1306 2046 1355 2083 10
1400 2048 1438 2083 et
1480 2046 1671 2084 Heracliti

185 2112 314 2162 eapite
353 2113 407 2150 ⁷4
455 2115 709 2162 congruentes
757 2113 864 2151 illius
913 2113 1021 2162 operi
1070 2111 1203 2151 deberi
1251 2115 1551 2151 consentaneum
1600 2116 1669 2151 est.

185 2179 419 2227 Quibusoum
465 2184 547 2219 arte
594 2180 819 2228 cohaerent,
864 2193 966 2230 quae
1009 2181 1059 2219 de
1093 2182 1184 2219 laon
1220 2174 1382 2233 ἄορνος
1421 2178 1562 2232 λίμνη,
1603 2181 1669 2228 qui

186 2248 425 2298 appellatur,
464 2248 653 2303 Cornutus
683 2249 870 2299 explicat3
909 2247 984 2287 hae
1024 2260 1109 2287 oum
1147 2248 1465 2299 interpretatione
1502 2248 1668 2287 invicem

186 2326 336 2353 conexa
373 2320 479 2363 sunt,
519 2327 619 2364 qnae
658 2316 706 2353 de
741 2316 842 2354 Ditis
877 2317 1000 2365 patris
1039 2319 1078 2354 et
1112 2317 1311 2354 Furiarum
1351 2316 1470 2353 sacris
1505 2316 1669 2353 arbustis

187 2380 432 2433 disputantur
460 2382 524 2433 (of.
553 2383 708 2423 Mnnzel
736 2396 774 2434 p.
795 2383 878 2435 34).
924 2384 1289 2434 Interpretationum
1319 2383 1381 2423 dei
1401 2383 1668 2433 cognominum

186 2450 294 2498 origo
322 2462 393 2500 per
422 2462 463 2489 se
491 2454 615 2501 patet;
645 2455 683 2489 et
712 2451 889 2490 conferas
919 2463 1064 2501 quaeso
1093 2451 1209 2490 haee:

231 2536 303 2584 Ap.
328 2538 439 2585 Soph.
464 2551 500 2585 p.
521 2543 593 2585 137,
607 2542 667 2575 25:
699 2534 894 2586 πυλάρταο
1010 2540 1115 2576 Corn.
1154 2551 1189 2585 p.
1216 2543 1269 2585 74,
1293 2542 1349 2575 16:
1395 2535 1589 2584 πυλάρτην
1628 2537 1668 2575 δὲ

185 2598 403 2641 καρτεροῖο.
427 2595 519 2638 μίαν
535 2593 705 2631 διάνοιαν
723 2593 896 2641 αἷρετέον
965 2592 1084 2632 αὐτὸν
1115 2591 1137 2631 ό
1169 2592 1325 2640 ποιητής
1355 2592 1670 2640 προσηγόρευσεν

186 2646 246 2685 διὰ
289 2654 367 2687 τῶν
407 2649 472 2688 δύο
508 2648 673 2694 λέξεων·
714 2649 895 2698 βούλεται
965 2648 1017 2695 ὥς
1032 2647 1200 2699 ἀκριβῶς
1214 2646 1453 2698 ήρμοσμένας
1471 2647 1536 2693 τὰς
1550 2646 1671 2694 πύλας

186 2702 259 2750 γὰρ
288 2703 415 2751 λέγειν
445 2711 513 2743 τοῦ
546 2704 614 2749 τάς
637 2702 756 2750 πύλας
781 2706 894 2755 ἐπαρ-
965 2704 1101 2754 ἔχοντα
1124 2709 1186 2743 καὶ
1208 2705 1346 2752 μηδένα
1371 2701 1534 2741 ἀνιέντα.

303 2818 329 2863 “)
354 2818 523 2864 Amplius
545 2819 784 2866 fragmentum
807 2823 988 2857 servatum
1012 2824 1067 2857 est
1090 2820 1136 2857 ab
1160 2819 1366 2856 Herodiano
1382 2819 1418 2854 II
1441 2830 1477 2864 p.
1495 2822 1640 2865 524,12.
