2096 3129
399 156 451 194 66

396 268 606 318 disputavit
625 267 674 307 de
694 267 934 319 Apollodori
954 269 1194 319 veriloquiis,
1223 280 1324 318 quae
1342 265 1606 324 παρηχήσεις
1625 270 1725 317 sunt,
1751 269 1788 308 ei
1809 280 1887 308 non

399 336 607 375 convenire
645 338 741 386 puto
777 347 861 375 eam
897 336 1102 385 rationem,
1142 348 1256 386 quam
1287 335 1476 376 Cornutus
1504 348 1542 387 p.
1563 337 1628 386 47,
1644 337 1695 375 21
1709 348 1793 387 sqq.
1823 335 1887 387 (cf.

397 416 435 453 p.
457 404 523 451 53,
540 405 583 454 8)
613 403 773 443 adhibet
804 416 825 443 e
855 404 1071 444 Stoicorum
1099 405 1435 455 grammaticorum
1455 403 1663 455 disciplina.
1681 407 1889 454 receptam,

398 471 464 521 qui
501 471 697 510 voeabula
735 483 757 511 e
797 483 978 511 sonorum
1017 471 1332 512 similitudinibus
1369 471 1723 522 interpretabantur
1761 463 1890 522 (κατὰ

396 538 602 594 μίμησιν).
615 537 643 582 ¹)
696 540 886 579 Videntur
925 542 1040 579 etiam
1079 541 1237 580 Amoris
1271 543 1421 579 statuae
1461 543 1500 579 et
1538 540 1745 589 insignium
1773 541 1890 578 inter-

395 609 650 657 pretationes,
690 620 790 658 quae
830 607 881 647 ad
916 609 1056 647 amoris
1086 609 1164 647 vim
1194 611 1233 647 et
1262 609 1471 647 amantium
1501 619 1626 646 mores
1656 607 1888 655 referuntur,

397 675 644 726 Apollodoro
669 675 900 714 tribuendae
920 687 1017 714 esse.
1027 676 1057 724 2)
1106 675 1253 714 Eadem
1274 679 1400 715 antem
1419 676 1567 714 ratione
1587 687 1678 715 usus
1698 676 1889 715 Cornutus

397 755 435 793 p.
456 743 522 791 47,
543 744 711 781 16—18
744 744 919 794 exponit,
950 755 1018 782 cur
1048 744 1266 793 complures
1296 743 1503 783 credantur
1533 742 1743 794 Cupidines
1773 745 1888 793 atque

397 823 435 861 p.
457 812 521 860 73,
541 811 711 850 12-15
750 823 818 850 cur
857 812 1078 861 complures
1107 811 1298 859 Lucinae,
1339 814 1378 849 et
1413 823 1499 850 cum
1534 812 1693 861 insuper
1725 810 1790 850 hic
1818 811 1888 849 ille

397 879 508 917 locus
546 879 749 917 luculente
791 878 1032 927 designetur,
1071 879 1112 916 in
1151 882 1286 927 aperto
1325 882 1384 917 est
1422 882 1624 928 utrumque
1664 890 1712 917 ex
1751 877 1888 916 eodem

397 945 505 985 fonte
533 946 705 993 fluxisse;
737 948 890 985 constat
918 948 1058 994 autem,
1087 957 1186 995 quae
1218 945 1266 985 de
1296 946 1425 985 Diana
1454 948 1493 986 et
1513 946 1628 985 variis
1654 945 1737 985 eius
1756 945 1888 985 formis

397 1012 647 1061 disseruntur,
676 1013 806 1051 omnia
836 1025 886 1051 ex
914 1012 1151 1062 Apollodori
1180 1024 1296 1062 opere
1325 1012 1465 1052 hausta
1494 1024 1591 1052 esse.

511 1081 570 1120 Ea
607 1080 739 1120 libelli
776 1083 903 1132 parte,
943 1092 1021 1131 qua
1057 1080 1246 1121 Cornutus
1285 1081 1490 1132 complura
1527 1081 1684 1120 numina
1719 1079 1889 1120 universi

399 1150 577 1199 symbola
611 1150 898 1200 interpretatur,
937 1161 1040 1189 nunc
1076 1150 1208 1188 omitto
1238 1152 1277 1188 et
1305 1149 1357 1188 ad
1385 1149 1426 1188 id
1456 1152 1574 1200 eaput
1601 1152 1772 1197 transeo,
1811 1160 1888 1199 quo

400 1217 447 1256 de
469 1217 611 1257 Cerere
640 1218 764 1267 iisque
793 1217 1026 1266 numinibus,
1056 1229 1156 1266 quae
1186 1230 1271 1256 cum
1302 1230 1349 1256 ea
1369 1218 1576 1256 coniuncta
1597 1220 1694 1267 sunt,
1724 1217 1890 1256 disserit.

398 1285 488 1324 Non
530 1296 672 1334 pauca,
717 1296 818 1334 quae
861 1296 947 1323 eum
994 1284 1209 1334 Porphyrio
1254 1285 1471 1323 consentire
1514 1286 1592 1323 iam
1631 1285 1809 1323 Bortzler
1852 1287 1890 1323 et

398 1351 616 1391 Reinhardt
662 1355 960 1402 perspexerunt,
1007 1364 1055 1390 ex
1100 1352 1349 1402 Apollodoro
1393 1351 1564 1402 pendere
1607 1354 1717 1401 patet
1759 1351 1888 1402 (Corn.

399 1432 435 1469 p.
464 1420 528 1469 62,
551 1420 660 1457 6-9
691 1438 745 1451 --
775 1419 915 1458 Euseb.
942 1420 983 1457 P.
1005 1420 1050 1458 Ε.
1069 1419 1129 1457 111
1153 1420 1216 1467 11,
1238 1419 1300 1457 15.
1358 1419 1469 1459 Corn.
1504 1431 1541 1469 p.
1564 1419 1628 1468 52,
1648 1418 1834 1466 14-53,
1854 1419 1888 1466 1,

402 1487 578 1525 18-20
609 1505 662 1519 ---
693 1487 834 1526 Euseb.
863 1487 907 1525 P.
927 1487 970 1525 E.
997 1487 1196 1534 11111‚7.
1255 1486 1369 1526 Corn.
1398 1499 1435 1536 p.
1458 1486 1723 1535 54,12--19.
1753 1485 1819 1533 55,
1838 1486 1887 1524 13

399 1554 522 1596 =16.
550 1554 691 1593 Euseb.
721 1554 764 1592 P.
784 1553 906 1592 E.111
932 1554 993 1601 ll,
1012 1554 1090 1603 15).
1142 1542 1210 1592 ’Ac
1246 1554 1408 1603 primum
1443 1554 1507 1602 iis,
1547 1564 1647 1603 quae
1676 1553 1750 1591 viri
1785 1552 1890 1591 docti

399 1623 664 1669 contulerunt,
702 1621 822 1660 liceat
859 1622 1050 1660 nonnulla
1090 1621 1246 1660 addere.
1305 1621 1400 1660 Cum
1435 1621 1600 1659 nominis
1627 1616 1771 1661 Ἑστία
1806 1623 1889 1668 ety-

399 1689 588 1739 mologia,
624 1700 725 1738 quae
754 1701 778 1726 a
807 1688 975 1728 Cornuto
1004 1700 1042 1738 p.
1064 1689 1128 1736 52,
1145 1689 1254 1726 8-9
1286 1688 1499 1736 exhibetur,
1528 1689 1636 1726 iuvat
1665 1699 1889 1737 comparare

398 1757 547 1795 Bacchi
575 1757 709 1795 matris
738 1757 1095 1806 interpretationem
1116 1755 1427 1806 Apollodoream
1455 1755 1592 1794 eadem
1620 1755 1771 1794 ratione
1801 1755 1888 1793 snb-

398 1826 600 1863 struetam:
640 1821 821 1876 φέρεται
861 1821 909 1863 δὲ
947 1821 1022 1862 καί
1061 1837 1126 1871 τις
1163 1822 1309 1875 μῦθος
1344 1820 1445 1876 περὶ
1479 1814 1622 1863 αὐτοῦ
1656 1818 1770 1862 κατὰ
1805 1818 1889 1862 τὸν

393 1884 746 1944 Ἀπολλόδωρον,
792 1886 851 1939 ὡς
895 1887 960 1945 εἴη
1000 1885 1197 1943 γεγονώς
1235 1887 1285 1930 ἐκ
1325 1886 1427 1938 Διὸς
1465 1887 1538 1930 καὶ
1580 1888 1685 1945 Γῆς,
1722 1887 1801 1942 τῆς
1841 1887 1888 1929 δὲ

400 1959 490 2014 Γῆς
533 1957 724 2011 Θεμέλης
768 1956 1214 2011 προσαγορευομένης
1254 1954 1326 1998 διὰ
1365 1954 1418 1998 τὸ
1458 1954 1519 2006 εἰς
1560 1954 1701 2010 αὐτὴν
1739 1951 1890 1997 πάντα

398 2025 840 2079 καταθεμελιοῦσθαι
881 2026 995 2076 (Lyd.
1032 2025 1080 2064 de
1121 2037 1240 2064 mens.
1277 2037 1314 2075 p.
1338 2022 1486 2075 107).3)
1539 2025 1633 2065 Cum
1667 2025 1714 2063 iis
1749 2026 1888 2072 autem,

400 2107 500 2144 quae
530 2094 722 2134 Cornutus
752 2093 848 2132 dicit
877 2093 926 2132 de
957 2094 1092 2132 diebus
1121 2093 1229 2132 festis
1260 2093 1430 2141 Cereris,
1459 2105 1560 2142 quae
1591 2087 1717 2146 Χλόη
1748 2104 1888 2141 cogno-

399 2162 576 2211 minatur,
612 2160 812 2212 com'pares
842 2160 963 2200 schol.
986 2160 1103 2212 Soph.
1124 2160 1168 2200 Ο.
1189 2161 1230 2200 C.
1260 2173 1294 2199 ν.
1316 2160 1423 2200 1600
1446 2152 1639 2215 εύχλόου
1661 2154 1889 2214 Δήμητρος

400 2225 521 2283 ἱερόν
550 2226 641 2271 ἐστι
669 2223 784 2283 πρὸς
813 2228 866 2282 τῇ
896 2221 1166 2281 ἀκροπόλει·
1196 2227 1270 2269 καὶ
1301 2223 1498 2277 Εὔπολις
1526 2227 1707 2285 Μαρικᾷ

516 2386 544 2431 ²)
569 2384 623 2422 Cf.
647 2384 826 2422 Steinthal
850 2383 867 2420 Ι
890 2395 926 2430 p.
944 2386 1009 2420 332
1024 2394 1107 2430 sqq.

514 2443 542 2487 ¹)
567 2441 621 2477 Cf.
644 2441 746 2477 Serv.
771 2441 819 2476 ad
834 2441 946 2486 Verg.
971 2441 1063 2476 Aen.
1080 2440 1098 2475 I
1114 2451 1149 2475 v.
1167 2443 1244 2475 663.

514 2499 542 2545 ⁸)
567 2497 657 2535 Cum
688 2497 840 2534 nominis
871 2493 958 2543 Δηώ
980 2496 1294 2543 interpretatione,
1325 2505 1418 2542 quae
1442 2495 1539 2542 apud
1564 2494 1759 2533 Cornutum
1782 2505 1818 2541 p.
1835 2498 1888 2541 52,

403 2558 535 2591 11-13
558 2555 704 2600 legitur,
733 2554 780 2589 cf.
804 2554 917 2589 schol.
941 2553 1122 2599 Lycophr.
1140 2556 1202 2588 621
1230 2549 1317 2597 Δηὼ
1347 2550 1498 2596 λέγεται
1529 2546 1552 2597 ἦ
1575 2548 1756 2597 Δήμητρα
1785 2548 1890 2597 παρὰ

399 2607 443 2646 τὸ
481 2608 574 2646 δαίω
611 2605 656 2646 τὸ
696 2607 842 2657 μερίζω
876 2604 898 2655 ἦ
939 2604 1201 2655 μεμερισμὲνη
1236 2610 1364 2644 πᾶσιν.
1423 2607 1583 2644 Alterius
1624 2606 1889 2653 explanationis

400 2679 422 2704 a
444 2668 605 2704 Cornuto
629 2679 665 2713 p.
683 2670 890 2713 52,13—14
912 2666 1075 2712 prolatae
1099 2666 1226 2702 similis
1249 2665 1429 2702 invenitur
1452 2666 1510 2701 Et.
1527 2666 1574 2701 M.
1598 2676 1634 2711 p.
1653 2668 1729 2710 263,
1742 2667 1796 2709 48,
1820 2665 1890 2700 nisi

400 2724 502 2771 quod
525 2724 584 2759 hic
607 2733 737 2760 nomen
761 2723 852 2759 deae
875 2722 960 2758 inde
983 2722 1177 2766 derivatur,
1210 2721 1310 2768 quod
1340 2721 1504 2758 homines
1535 2720 1626 2757 deae
1649 2720 1757 2756 fillum
1781 2730 1888 2766 quae-

399 2782 492 2818 renti
514 2777 601 2817 κατ’
625 2774 866 2827 εὖφημισμόν
890 2780 1051 2817 dixerint
1074 2776 1184 2826 δήεις.
