2096 3129
394 193 447 232 20

500 318 537 356 p.
558 306 624 354 46,
641 306 749 344 6—9
783 296 979 358 ἀκύρους
1010 302 1057 345 δὲ
1086 304 1160 346 καὶ
1192 297 1275 347 οὐκ
1306 304 1593 360 ἒμποινίμους
1612 302 1720 355 τούς
1740 297 1876 359 ἀφρο-

389 371 554 421 δισίους
584 364 770 448 Spacovgc
779 367 950 424 ἔφασαν
979 367 1105 423 εἶναι,
1136 372 1240 427 παρ’
1271 366 1381 416 ὅσον
1411 367 1496 415 κᾶν
1524 367 1551 427 ᾖ
1580 370 1709 428 ραδία
1737 386 1879 427 παρα-

386 439 596 495 σχεθῆναι
624 438 726 493 μεθ’
755 431 904 493 ὅρκων
937 436 1181 493 ἐπάγεσθαι
1218 440 1461 496 συμβέβηκε
1491 455 1600 490 τους
1627 441 1878 494 πειρῶντας

388 499 436 555 ἃς
465 500 520 548 ἂν
546 517 744 560 πειρωσι.
795 508 908 547 Hunc
929 509 1058 547 locum
1078 510 1245 558 seposui,
1276 509 1325 548 de
1346 522 1423 559 quo
1443 509 1536 559 quid
1556 508 1798 549 statuendum
1818 509 1877 556 sit,

385 586 456 624 pro
493 576 698 626 explorato
727 576 978 626 pronuntiare
1009 586 1088 614 non
1117 576 1251 615 ausim.
1298 576 1436 627 Neque
1457 577 1557 616 enim
1577 588 1743 627 quonam
1763 575 1877 615 modo

386 642 484 681 haec
514 642 634 681 verba
662 642 932 692 intellegenda
958 643 1045 690 sint,
1076 643 1277 681 enucleari
1296 644 1439 693 potest,
1469 644 1573 693 quod
1593 655 1719 694 neque
1738 643 1878 692 Langii

385 710 623 760 coniectura,
664 711 731 760 qui
766 702 817 759 ἅς
852 710 987 750 scribit
1024 722 1095 760 pro
1135 703 1220 760 οἷς,
1262 713 1372 750 extra
1411 722 1562 751 omnem
1601 711 1877 751 dubitationem

383 778 511 827 posita
556 781 614 817 est
656 790 784 827 neque
828 780 994 827 constat,
1042 780 1168 816 utrum
1206 778 1337 817 verbis
1377 774 1507 832 ῥαδὶα
1545 777 1878 833 παρασχεθῆναι

384 845 516 883 Venus
551 845 637 894 ipsa
667 844 906 894 significetur
935 858 986 883 an
1014 845 1104 892 illa,
1145 857 1259 894 quam
1289 846 1507 894 pelliciunt.
1566 847 1707 885 Verum
1737 849 1877 893 tamen,

385 911 426 950 id
466 911 571 962 quod
609 913 686 951 iam
725 911 776 951 ad
805 924 843 962 p.
869 912 972 961 72,5
1009 912 1211 961 adnotavi,
1252 924 1343 952 usus
1382 913 1492 952 verbi
1522 908 1691 965 ἔφασαν
1720 913 1878 953 Cornuti

384 980 474 1018 stilo
504 980 604 1018 bene
633 980 854 1030 respondet.
1645 974 1647 976 ¹

496 1047 694 1086 Musarum
714 1047 977 1100 etymologias
996 1058 1141 1095 omnes,
1171 1058 1272 1097 quae
1292 1059 1330 1098 p.
1355 1048 1417 1097 15,
1437 1048 1624 1096 19-17‚
1642 1049 1692 1086 10
1713 1049 1876 1096 exstant,

383 1115 556 1164 Langius
585 1115 687 1154 falso
717 1116 759 1153 in
787 1116 1046 1165 suspicionem
1077 1115 1243 1154 vocavit.
1301 1116 1392 1154 Non
1421 1128 1570 1165 paucae
1600 1116 1674 1155 hoc
1704 1117 1744 1154 in
1774 1127 1876 1155 com-

384 1185 486 1221 mate
524 1183 656 1222 insunt
685 1182 844 1223 Cornuti
883 1183 1070 1223 sermonis
1104 1185 1221 1222 notae
1257 1183 1497 1232 verissimae,
1538 1185 1647 1223 velut
1677 1175 1877 1237 ἀγωγούς

383 1263 420 1300 p.
451 1252 513 1299 16,
537 1253 560 1290 3
601 1251 650 1290 cf.
685 1264 722 1301 p.
750 1251 816 1299 45,
841 1251 903 1299 15,
947 1244 1362 1304 ἀναστρεφομένους
1400 1264 1437 1301 p.
1468 1252 1529 1300 16,
1554 1253 1577 1289 6
1623 1252 1671 1290 cf.
1700 1264 1737 1301 p.
1765 1253 1828 1299 72,
1852 1253 1875 1288 7

386 1318 492 1367 (vide
513 1330 630 1368 supra
649 1331 687 1369 p.
711 1319 789 1368 18),
819 1312 918 1366 ἑνὸς
939 1317 1156 1371 στοιχείου
1176 1314 1504 1370 πλεονάζοντος
1524 1318 1572 1358 cf.
1592 1331 1629 1368 p.
1650 1319 1715 1367 43,
1733 1319 1756 1356 9
1787 1318 1876 1367 (hoc

384 1385 433 1425 de
462 1387 551 1425 loco
581 1386 670 1426 vide
700 1397 818 1437 supra
836 1398 873 1437 p.
899 1386 977 1437 ll),
1013 1381 1208 1439 πότερον
1228 1380 1256 1441 ἦ
1275 1397 1310 1436 p.
1336 1386 1398 1434 16,
1418 1386 1480 1434 16,
1500 1386 1550 1424 17
1578 1385 1626 1425 cf.
1647 1397 1684 1436 p.
1704 1385 1770 1435 43,
1787 1386 1822 1434 2,
1838 1386 1876 1424 4.

385 1455 450 1502 61,
475 1455 537 1502 12,
563 1454 615 1492 14
654 1454 719 1503 (cf.
744 1455 886 1503 Langii
914 1455 1034 1504 praef.
1062 1467 1099 1504 p.
1115 1454 1209 1493 VIII
1235 1454 1352 1503 adn),
1391 1450 1636 1501 ἐπίσκοπος
1662 1466 1699 1504 p.
1728 1455 1789 1502 16,
1808 1455 1875 1492 18:

382 1521 569 1571 inspicias
609 1533 753 1571 quaeso
794 1521 951 1561 editoris
989 1521 1168 1560 indicem.
1227 1520 1454 1560 Gravissimi
1489 1532 1582 1560 vero
1619 1521 1800 1560 momenti
1835 1521 1875 1559 id

384 1592 459 1637 est,
490 1588 595 1638 quod
623 1601 660 1639 p.
685 1590 748 1637 17,
765 1589 789 1628 5
820 1600 868 1628 ea
896 1591 1132 1639 repetuntur,
1163 1600 1263 1638 quae
1292 1601 1330 1639 p.
1351 1589 1387 1637 2,
1405 1588 1431 1626 4
1461 1588 1567 1627 dicta
1595 1591 1694 1628 sunt.

495 1657 633 1706 Neque
662 1659 793 1695 tamen
822 1656 973 1705 desunt,
1003 1668 1102 1706 quae
1132 1656 1329 1695 subditiva
1359 1667 1444 1694 esse
1474 1656 1644 1706 ipsorum
1675 1668 1722 1695 ex
1742 1655 1875 1695 indole

383 1728 588 1774 appareat,
633 1725 777 1774 quippe
816 1736 915 1774 quae
960 1724 1238 1763 sententiarum
1278 1723 1480 1763 decursum
1510 1723 1730 1762 foedissime
1759 1724 1876 1762 inter-

379 1794 560 1843 rumpant
590 1794 628 1831 et
659 1792 884 1832 Cornutiani
913 1803 1003 1831 usus
1034 1791 1190 1831 dicendi
1218 1791 1519 1841 proprietatibus
1547 1793 1716 1831 careant.
1766 1791 1874 1830 Haec

383 1872 536 1910 quoque
568 1872 779 1909 congerere
809 1872 830 1899 e
860 1872 902 1899 re
932 1863 1026 1910 puto
1057 1871 1164 1898 esse:

517 1941 555 1978 p.
576 1928 684 1977 4,14
714 1925 961 1979 φυσιιδίων.

518 2008 555 2046 p.
577 1996 653 2045 7,1
684 1993 767 2049 μὲν
796 1983 892 2036 οὖν.

518 2076 556 2113 p.
578 2064 643 2111 22,
664 2064 713 2101 17
745 2057 818 2104 διὰ
846 2062 929 2104 τοῦ
961 2059 1149 2116 τρόπου.

520 2143 558 2181 p.
579 2131 645 2181 23,
662 2131 716 2169 20
745 2124 896 2184 τυχόν.

517 2211 554 2248 p.
577 2199 643 2246 25,
659 2199 684 2236 2
714 2198 910 2251 πρῶτος.

516 2278 554 2316 p.
576 2267 641 2315 34,
661 2267 680 2304 1
713 2263 828 2319 πρὸς
859 2260 1073 2321 στροφήν.

516 2347 553 2384 p.
575 2335 766 2384 37,8—9
795 2325 870 2374 ‘ov'
898 2326 1001 2387 χρὴ’
1032 2331 1078 2374 δὲ
1106 2328 1373 2386 (παννύχιον
1410 2324 1555 2372 εὕδειν
1589 2329 1875 2387 βουληφόρον

654 2397 824 2455 ἄνδρα.’

518 2481 554 2519 p.
576 2470 710 2517 37,19
747 2465 809 2517 ὥς
838 2455 977 2524 ληῖτις
1012 2463 1182 2525 ἐκλήθη
1219 2462 1309 2509 ἀπὸ
1353 2466 1430 2522 τῆς
1468 2465 1604 2517 λείας,
1647 2467 1785 2516 quibus
1825 2467 1874 2507 de

652 2538 782 2576 verbis
813 2537 957 2587 ambigi
985 2540 1123 2587 potest.

519 2615 556 2653 p.
577 2604 642 2652 41,
659 2605 685 2642 4
713 2603 882 2658 γίνεται
913 2597 1013 2645 οὖν.

518 2684 555 2721 p.
576 2672 642 2720 47,
661 2673 712 2711 18
740 2671 825 2722 Ικαὶ
867 2667 920 2714 τὸ
961 2673 1148 2720 πολλοῖς
1191 2667 1420 2719 τοιούτοις
1465 2667 1652 2719 ὀπαδοῖς
1695 2684 1874 2725 κεχορη-

653 2739 818 2794 γῆσθαι
847 2735 930 2795 τὴν
954 2731 1230 2794 Ἀφροδίτην.

517 2820 553 2859 p.
575 2807 640 2856 48,
658 2808 681 2845 3
697 2805 767 2847 καὶ
788 2805 938 2849 αὐτῶν
953 2804 1151 2858 ἐκείνων,
1168 2802 1318 2849 πόθεν
1334 2802 1533 2860 ἔρχονται
1552 2804 1625 2847 καὶ
1641 2805 1735 2847 ποῦ’
1750 2798 1871 2862 ἦσαν.
