2096 3129
373 171 428 212 78

372 286 502 320 tamen
541 282 705 321 eundem
745 282 891 321 fontem
927 285 1146 323 exscribere
1182 285 1319 335 pergit.
1378 284 1565 323 Similiter
1600 285 1718 333 enim,
1757 283 1862 333 quod

372 349 482 387 Pana
510 361 651 398 greges
679 352 827 388 terrere
858 350 1033 399 credunt,
1063 353 1269 402 exponitur
1297 352 1337 390 in
1366 351 1583 401 fragmento
1614 350 1862 402 Apollodori,

373 416 477 465 quod
513 416 724 455 scholiasta
760 417 809 455 ad
845 417 1014 456 Rhesum
1046 431 1083 457 v,
1104 420 1158 458 36
1195 419 1365 458 servavit
1400 418 1463 468 (cf.
1492 418 1722 458 Hefermehl
1751 431 1787 469 p.
1810 419 1859 456 21

372 483 460 524 adn.
485 483 563 535 17).
610 484 749 533 Neque
782 484 893 524 deest
922 485 1027 535 apud
1057 486 1267 526 Cornutum
1297 487 1456 534 arboris,
1485 498 1585 536 quae
1605 487 1722 525 Panis
1751 497 1863 524 sacra

372 555 446 598 est,
486 552 730 602 explanatio,
777 553 839 591 cui
879 553 1015 592 eadem
1056 554 1156 592 ratio
1197 555 1330 594 subest
1369 556 1484 604 atque
1523 553 1801 604 Apollodoreis
1839 566 1863 591 a

370 618 583 657 Plutarcho
613 620 749 658 relatis
778 619 838 659 his
868 619 1040 670 (Quaest.
1061 622 1215 660 conviv.
1234 622 1265 659 V
1284 633 1322 672 p.
1344 621 1424 660 675
1441 620 1518 671 F.):
1550 614 1604 661 οὐ
1632 616 1721 673 μὴν
1747 614 1861 661 ἀλλὰ

372 682 470 726 κατ’
500 682 618 726 ἰδίαν
648 685 713 740 τῷ
733 685 981 728 Ποσειδῶνι
1011 686 1120 741 φαίη
1149 701 1216 736 τις
1247 682 1303 729 ἂν
1331 684 1414 744 τὴν
1442 687 1578 729 πίτυν
1606 683 1861 743 προσήκειν,

372 745 455 806 οὐχ
485 749 548 801 ὥς
571 745 910 807 Ἀπολλόδωρος
939 751 1078 795 οἴεται
1107 751 1331 807 παράλιον
1351 751 1497 807 φυτὸν
1516 748 1655 795 οὖσαν
1676 750 1770 794 οὐδ’
1791 745 1861 793 ὅτι

372 814 612 873 φιλήνεμός
642 816 763 861 ἐστιν
793 812 941 874 ὥσπερ
972 816 999 876 ἡ
1029 816 1236 862 θάλασσα
1266 820 1356 871 (καὶ
1387 816 1468 875 γὰρ
1498 821 1637 863 τοῦτο
1657 818 1774 870 τινὲς
1795 819 1861 861 λέ-

371 888 557 941 γουσιν),
590 879 701 928 ἀλλὰ
731 884 804 929 διὰ
833 883 912 936 τὰς
942 886 1186 942 ναυπηγίας
1214 884 1414 941 μάλιστα.

485 955 782 1004 Insequentibus
798 955 989 995 Cornutus
1009 957 1141 1006 Priapi
1161 957 1357 996 notionem
1377 957 1613 1008 perstringit,
1633 968 1746 1006 quem
1766 956 1864 994 Pani

371 1023 453 1062 sive
482 1023 626 1063 mundo
656 1023 821 1063 eundem
851 1036 936 1063 esse
957 1028 1099 1064 censet.
1149 1024 1258 1072 Quae
1278 1026 1377 1064 ratio
1396 1038 1489 1064 num
1509 1025 1781 1076 Apollodorea
1801 1025 1862 1072 sit,

371 1091 490 1129 valde
521 1090 678 1130 dubium
709 1094 778 1140 est,
807 1095 938 1130 tamen
959 1092 1118 1132 Cornuti
1147 1093 1187 1130 in
1218 1092 1490 1143 disputatione,
1520 1104 1597 1142 qua
1624 1091 1861 1143 procedente

370 1158 473 1198 illud
513 1171 671 1208 numen,
711 1159 751 1198 id
791 1159 895 1209 quod
936 1161 1016 1199 eius
1051 1173 1168 1199 verae
1207 1162 1355 1199 notioni
1389 1162 1512 1211 magis
1546 1160 1774 1211 respondet,
1812 1159 1862 1198 ad

369 1229 497 1265 terrae
519 1225 753 1276 procreandi
769 1227 847 1264 vim
870 1230 909 1265 et
924 1226 1163 1266 fertilitatem
1179 1227 1355 1275 refertur,
1376 1227 1541 1277 vestigia
1555 1227 1761 1277 perspicua
1774 1228 1863 1264 sunt

372 1293 572 1334 doctrinae
588 1294 894 1344 Apollodoreae.
940 1293 1087 1341 Quodsi
1107 1296 1209 1333 enim
1229 1296 1336 1334 illius
1352 1295 1492 1334 scholii
1507 1294 1729 1334 Theocritei
1745 1306 1862 1344 supra

372 1362 558 1411 exscripti
595 1362 665 1400 sub
695 1360 810 1400 finem
839 1362 1002 1410 legimus
1032 1362 1147 1400 haec:
1188 1357 1273 1414 ἔχει
1303 1360 1350 1403 όὲ
1378 1360 1452 1401 καὶ
1481 1361 1535 1414 τῇ
1564 1360 1642 1414 μιᾶ
1669 1358 1778 1414 χειρὶ
1807 1357 1860 1401 τὸ

372 1427 611 1482 δρέπανον,
647 1434 863 1483 σημαῖνον
890 1424 974 1482 τὴν
1002 1426 1222 1482 ἐργασίαν,
1258 1429 1312 1481 τῇ
1343 1426 1390 1469 ὀὲ
1419 1423 1530 1482 ἄλλῃ
1560 1424 1645 1482 τὴν
1675 1425 1860 1481 σύριγγα

371 1494 672 1551 σημαίνουσαν
687 1491 791 1544 τοὺς
807 1488 997 1549 ἀνέμους
1012 1497 1051 1535 in
1068 1497 1200 1547 aprico
1217 1500 1275 1536 est
1286 1497 1406 1545 Pana,
1421 1497 1488 1546 qui
1502 1496 1641 1536 falcem
1658 1508 1734 1535 non
1752 1496 1862 1546 gerit,

372 1564 557 1602 confundi
588 1576 673 1602 cum
695 1565 859 1614 Priapo;
888 1564 1000 1602 huius
1030 1564 1112 1602 falx
1142 1564 1237 1614 quid
1265 1564 1339 1603 sibi
1368 1564 1466 1603 velit
1486 1564 1675 1604 Cornutus
1695 1575 1732 1613 p.
1754 1563 1819 1610 51,
1836 1564 1859 1601 6

371 1632 666 1681 interpretatur:
696 1630 761 1670 hic
790 1631 1081 1681 Apollodorum
1110 1643 1182 1670 nos
1212 1631 1506 1681 deprehendere
1534 1633 1629 1681 puto
1658 1630 1862 1680 probabile

370 1712 466 1740 esse.
477 1702 507 1750 ¹)
577 1699 687 1747 Quae
730 1700 794 1738 illi
838 1700 871 1739 si
909 1702 1015 1739 recte
1059 1699 1203 1747 tribuo,
1248 1699 1289 1737 in
1327 1698 1651 1749 praecedentibus
1689 1698 1860 1738 eiusdem

370 1768 597 1817 doctrinam,
627 1769 700 1807 etsi
728 1767 894 1807 fortasse
923 1780 947 1805 a
967 1767 1136 1807 Cornuto
1167 1767 1409 1806 obscuratam
1440 1769 1479 1805 et
1507 1766 1708 1814 detortam,
1736 1766 1860 1805 latere

369 1835 613 1875 manifestum
649 1838 719 1874 est.
781 1835 1018 1885 Congruunt,
1054 1846 1153 1884 quae
1182 1847 1220 1884 p.
1242 1834 1432 1882 51,4-6
1463 1834 1645 1883 leguntur
1672 1830 1860 1886 μάλιστα

371 1901 417 1943 δὲ
456 1896 508 1944 τὸ
549 1901 760 1943 ποικίλον
800 1900 874 1942 καὶ
904 1899 1136 1955 ἐπιτερπὲς
1165 1899 1239 1941 καὶ
1269 1897 1427 1955 ῥαδίαν
1455 1896 1537 1955 τὴν
1566 1899 1737 1954 γένεσιν
1765 1913 1861 1941 ποι-

369 1966 563 2023 ούμενον
611 1966 654 2010 οἱ
702 1969 861 2023 κῆποι,
909 1965 1125 2022 τοιαύτην
1170 1965 1234 2017 ὠς
1273 1966 1441 2009 ἐπίπαν
1486 1966 1623 2009 αὐτοῦ
1661 1966 1735 2008 καὶ
1779 1962 1862 2021 τήν

370 2036 540 2093 ἐσθῆτα
581 2033 761 2091 ἔχοντος
801 2049 886 2076 eum
922 2037 982 2075 his
1020 2035 1093 2077 καὶ
1129 2033 1182 2077 τὸ
1218 2033 1300 2089 μὲν
1333 2034 1410 2091 τῆς
1441 2032 1629 2091 ἐσθῆτος
1659 2028 1862 2090 ἀνθηρὸν

369 2104 609 2160 παρίστησι
663 2101 746 2161 τὴν
800 2102 1030 2145 ποικιλίαν
1084 2104 1162 2159 τῆς
1217 2096 1397 2157 ὀπώρας
1451 2105 1505 2153 (p.
1535 2104 1600 2153 59,
1628 2104 1712 2152 15),
1761 2115 1860 2153 quae

370 2186 488 2224 supra
515 2173 762 2224 Apollodoro
795 2172 1000 2212 vindicavi.
1059 2173 1165 2211 Inter
1201 2184 1248 2211 ea
1277 2174 1421 2220 autem,
1457 2183 1556 2220 quae
1585 2183 1623 2221 p.
1645 2171 1781 2220 50,18
1811 2171 1861 2210 de

369 2242 503 2291 Priapi
541 2242 666 2280 virilis
704 2240 971 2290 magnitudine
1011 2243 1050 2279 et
1088 2241 1223 2289 vigore
1262 2240 1452 2289 explicat,
1497 2241 1535 2277 et
1573 2251 1637 2286 ea,
1681 2250 1781 2288 quae
1819 2239 1861 2277 in

369 2310 488 2348 Panis
528 2309 723 2359 allegoria
760 2321 797 2358 p.
818 2308 883 2356 49,
901 2309 924 2346 9
962 2307 1067 2346 diota
1101 2310 1207 2355 suut,
1246 2320 1388 2356 magna
1422 2306 1627 2345 intercedit
1665 2307 1860 2355 cognatim

370 2388 547 2426 quaeque
577 2387 613 2426 p.
636 2376 771 2424 50,20
801 2376 1066 2425 insequuntur,
1102 2374 1364 2425 comparanda
1393 2376 1481 2412 sunt
1510 2384 1595 2413 cum
1624 2373 1687 2421 iis,
1722 2374 1861 2423 quibus

370 2444 607 2483 Amaltheae
648 2454 788 2482 cornus
817 2444 877 2481 vis
913 2443 1120 2492 exponitur
1148 2454 1184 2492 p.
1206 2442 1340 2487 51,16
1371 2440 1436 2490 (cf.
1464 2452 1501 2490 p.
1523 2441 1587 2488 50,
1604 2441 1654 2478 21
1688 2437 1737 2480 ἐν
1765 2445 1861 2488 ταῖς

370 2508 553 2561 οἰκείαις
600 2502 737 2566 ὥραις
778 2534 830 2540 -
870 2523 907 2562 p.
936 2510 1001 2559 51,
1025 2510 1075 2550 19
1120 2505 1236 2552 κατὰ
1279 2504 1384 2558 τοὺς
1431 2505 1622 2557 οἰκείους
1666 2504 1859 2563 καιρούς.

369 2581 486 2619 Vocis
511 2572 744 2632 Ἀμάλθεια
777 2579 1044 2628 veriloquium,
1075 2577 1180 2627 quod
1209 2578 1401 2618 Cornutus
1431 2576 1597 2625 exhibet,
1628 2576 1732 2627 apud
1762 2576 1860 2626 Lyd.

484 2691 512 2734 ¹)
545 2690 715 2725 Ceterum
748 2689 849 2734 quod
880 2689 1010 2723 attinet
1041 2687 1190 2723 verbnm
1223 2686 1441 2733 προτείνειν
1471 2688 1522 2731 (p.
1547 2689 1600 2731 51,
1621 2689 1638 2720 ’ἱ
1672 2681 1861 2730 δρέπανον

370 2744 409 2783 δὲ
445 2741 486 2782 ἐν
511 2748 556 2791 τῇ
589 2746 694 2794 δεξιᾷ
725 2743 938 2791 προτείνει)
969 2743 1016 2780 cf.
1041 2744 1174 2790 Porph.
1199 2754 1256 2789 ap.
1280 2744 1366 2779 Eus.
1390 2744 1429 2779 P.
1446 2743 1488 2779 E.
1505 2742 1560 2778 ΙΙΙ
1577 2746 1608 2788 9,
1623 2746 1642 2778 5
1667 2740 1859 2788 προτείνει

369 2801 409 2838 δὲ
435 2806 480 2846 τῇ
505 2804 610 2851 δεξιᾷ
633 2798 655 2846 ἢ
683 2795 802 2836 ἀετόν
825 2814 860 2836 κ.
879 2813 910 2836 τ.
928 2802 960 2836 λ.
