2096 3129
436 170 488 216 52

548 291 692 331 Summi
728 304 821 331 vero
861 293 1044 331 momenti
1083 296 1142 332 est
1180 304 1266 332 cum
1305 292 1472 332 Cornuto
1506 292 1670 332 maxime
1705 291 1923 332 consentire

433 358 693 408 Eustatffium,
733 371 847 409 quem
887 360 1010 398 multa
1039 359 1311 410 Apollodorea
1340 371 1496 399 servare
1526 382 1582 388 —
1611 359 1846 411 Porphyrio,
1880 361 1922 398 ut

433 426 664 466 Hefermehl
693 427 908 476 suspicatus
938 430 1014 471 est,
1044 427 1308 467 intercedente
1339 450 1393 456 —
1422 429 1479 476 iis,
1509 439 1609 476 quae
1629 426 1856 466 Hefermehl
1883 430 1923 465 et

432 493 647 534 Reinhardt
690 493 1003 545 disputaverunt,
1051 506 1122 545 pro
1165 497 1271 535 certo
1314 495 1516 547 probatum
1560 496 1637 542 est3
1685 497 1724 534 et
1767 496 1922 546 praeter

431 561 651 612 fragmenta
680 574 738 611 ea,
768 574 868 612 quae
897 563 970 601 viri
1000 562 1104 602 docti
1132 562 1414 612 indicaverunt,
1443 563 1568 602 multa
1596 563 1676 601 alia
1704 562 1808 612 apud
1834 574 1919 601 eum

430 630 565 671 latent.
625 629 813 671 Conferas
843 642 986 680 quaeso
1016 630 1134 670 haec:

473 729 510 763 p.
528 721 603 763 854,
618 721 678 754 642
710 712 732 753 ὁ
763 715 804 754 δὲ
833 718 970 760 Σῶκος
993 712 1138 762 ὅμωνυ-
1253 718 1359 754 Corn.
1383 730 1419 764 p.
1437 721 1490 765 21,
1505 722 1542 755 6:
1572 719 1637 754 καὶ
1661 721 1788 760 σῶκος
1813 711 1918 753 ὦσάν

428 777 555 817 μεῖται
577 768 770 821 τῷἙρμῇ.
796 770 1080 810 ἄναπτὺσσεται
1097 773 1137 811 δὲ
1209 771 1337 819 σωτὴρ
1360 778 1439 809 τῶν
1463 771 1583 810 οἴκων
1605 771 1789 820 ὖπάρχων
1804 768 1840 819 ἦ,
1865 768 1917 815 ὥς

428 825 452 876 ἦ
467 826 567 873 λέξις
586 824 680 876 αὕτη
695 824 770 866 ἀπὸ
784 834 852 866 τοῦ
868 827 1018 877 σώζειν,
1040 827 1138 876 ἢκαὶ
1207 841 1317 873 τινες,
1329 827 1494 877 ἰσχυρός.
1525 830 1580 867 Cf.
1593 830 1751 877 Hesych.
1762 831 1915 873 Σῶκος·

429 882 553 929 ἄλλως
578 883 653 923 dmi
679 891 748 923 τοῦ
772 891 898 934 σωκῶ,
924 882 945 923 ὃ
963 883 1066 934 παροέ
1084 891 1139 935 τῷ
1208 885 1425 929 σωσίοικος,
1450 884 1615 930 σάοικος.
1641 883 1804 934 ἰσχυρός.

430 943 636 987 Σοφοκλεῖ
656 939 739 978 ἀντὶ
762 946 832 979 τοῦ
855 939 975 988 ἰσχύω
1000 948 1137 986 κεῖται,
1165 917 1168 996 f

426 994 452 1045 ἢ
487 995 593 1046 παρά
627 995 674 1035 wx
707 996 815 1036 σάειν
846 995 962 1042 οἶκον,
998 993 1022 1036 3
1056 996 1137 1036 ἐστι
1165 997 1167 1054 Ι

427 1050 567 1099 σώζειν
618 1057 716 1101 (cum
767 1056 1039 1100 insequentibus
1089 1057 1136 1091 cf.
1164 1058 1167 1121 1

425 1110 563 1148 Herod.
580 1111 618 1147 11
640 1122 677 1158 p.
695 1114 828 1157 586,19
853 1112 993 1157 Lentz).
1165 1124 1167 1157 i

540 1206 678 1256 Neque
707 1206 877 1254 lexicon,
908 1205 1011 1256 quod
1031 1206 1239 1256 Apollonii
1258 1205 1462 1256 Sophistae
1491 1206 1646 1245 nomine
1672 1205 1803 1255 fertur,
1832 1207 1913 1245 inu·

423 1275 492 1312 tile
523 1276 582 1313 est
610 1274 661 1313 ad
681 1273 917 1324 Apollodori
946 1274 1111 1323 vestigia
1141 1273 1376 1322 detegenda;
1407 1277 1558 1313 constat
1587 1275 1688 1313 enim
1710 1275 1915 1324 Apionem,

425 1341 532 1380 cuius
577 1341 753 1381 doctrina
792 1342 827 1380 ei
864 1340 1117 1380 fundamento
1156 1343 1230 1389 est,
1268 1340 1505 1390 Apollodori
1544 1352 1662 1391 opera
1698 1342 1913 1392 inspexisse

423 1409 642 1447 testimonio
678 1408 828 1448 scholio
862 1408 939 1458 Ap.
969 1408 1041 1447 Rh.
1067 1409 1086 1446 I
1108 1409 1188 1446 292
1205 1409 1298 1456 ‚(=
1327 1409 1462 1458 Apoll.
1491 1408 1536 1446 fr.
1569 1409 1647 1446 217
1669 1409 1746 1458 Μ.).
1814 1409 1912 1448 Con-

416 1466 565 1525 'gruunt
593 1475 711 1514 haec:

468 1573 503 1607 p.
530 1565 672 1608 148,15
703 1562 841 1598 Bekk.:
889 1564 1014 1604 σῶκος
1059 1559 1135 1596 ἐπί·
1163 1564 1165 1592 ἵ
1250 1561 1355 1597 Corn.
1379 1572 1415 1607 p.
1434 1564 1540 1607 21,·1:

423 1620 542 1654 θετον
566 1614 716 1665 Ἑρμοῦ.
763 1616 829 1654 καὶ
860 1612 879 1653 ὃ
911 1616 984 1662 μὲν
1005 1614 1135 1653 Ἀπίων

422 1671 631 1710 ἀποδίδωσι
657 1677 780 1717 σῶκος
801 1685 1017 1720 σωσιοικος,
1040 1670 1133 1710 ἔνιοι
1161 1700 1164 1744 Ι

423 1730 463 1768 δὲ
491 1728 641 1773 σόωκος
657 1726 678 1767 ὃ
697 1726 828 1774 ω’κέως
845 1728 1054 1775 σοούμενος
1070 1730 1133 1777 (cf.

421 1788 535 1824 schol.
560 1789 674 1832 Y72).
730 1785 880 1834 βέλτιον
905 1786 945 1824 δὲ
970 1784 1015 1823 τὸ
1041 1783 1132 1834 πρό-

419 1855 556 1891 τερον·
582 1837 680 1881 ὅθεν
706 1840 892 1891 ἐριούνιος
916 1839 938 1880 ὅ
954 1841 1133 1890 μεγάλως
1202 1838 1285 1879 εἶτα
1318 1839 1504 1891 ἐριούνιος
1530 1841 1807 1889 ἐπονομάζεται
1832 1837 1907 1881 οἷπο

420 1898 603 1940 ὀνίσκων,
643 1898 816 1936 τουτέστι
849 1897 1028 1946 ὠφελῶν,
1062 1897 1131 1946 οὐχ
1200 1903 1269 1936 τοῦ
1306 1898 1583 1946 μεγαλωφελής
1620 1912 1676 1943 τις
1710 1895 1806 1936 εἶναι
1841 1901 1907 1937 καὶ

419 1953 471 2000 ὠς
488 1954 525 1993 οἱ
538 1954 721 2004 νεώτεροι
734 1957 792 2002 (cf.
806 1967 914 2003 supra
924 1957 948 2003 1)
959 1954 1129 2003 χθόνιος,
1199 1952 1289 1992 καθ’
1302 1952 1518 2004 ὑπερβολὴν
1531 1950 1700 1993 ὀνίσκειν
1712 1958 1798 2004 (ego
1809 1958 1907 1994 coni:

418 2012 523 2061 παρὰ
554 2010 622 2060 τήν
653 2010 756 2060 ἔραν.
804 2010 958 2059 λέγεται
990 2013 1053 2049 καὶ
1085 2009 1130 2049 δι’
1197 2008 1319 2059 ἴσχειν
1349 2025 1388 2056 a,
1425 2007 1527 2049 ὀνεῖν
1562 2014 1582 2049 b
1602 2015 1646 2049 M
1657 2016 1724 2059 20,
1763 2011 1908 2059 ἰσχύειν

420 2066 545 2106 ἄλλων
590 2067 732 2116 κρατὺς
777 2063 1030 2117 ἀργειφόντης
1068 2066 1129 2105 διά
1197 2069 1333 2114 Schm.)
1364 2066 1453 2111 τοὺς
1475 2066 1695 2115 χρωμένους
1718 2066 1821 2118 αὐτῷ
1845 2069 1908 2106 καὶ

419 2124 487 2172 τὴν
509 2124 619 2172 ἰσχὺν
642 2123 714 2172 τὴν
731 2122 772 2162 ἐν
790 2130 845 2174 τῷ
862 2122 1127 2172 ἀπαγγέλλειν.
1199 2128 1326 2168 σῶκος
1348 2138 1384 2162 κ.
1399 2138 1430 2162 τ.
1445 2129 1478 2161 λ.

420 2185 548 2219 σῶκον
573 2178 642 2219 οὖν
661 2176 891 2227 συνωνύμως
909 2185 963 2230 τῷ
979 2180 1128 2229 κρατός.

417 2240 479 2274 καὶ
507 2240 718 2285 Σοφοκλῆς
744 2236 890 2284 εἰσάγει
914 2236 983 2284 τήν
1006 2233 1127 2276 Ἠλέκ-

416 2352 535 2398 capite
560 2356 600 2389 17
625 2352 856 2398 Apollodoro
887 2353 1073 2389 vindicato
1105 2353 1269 2389 doctrina
1298 2352 1485 2399 sordeant,
1520 2352 1618 2389 illius
1632 2372 1635 2375 ·
1648 2353 1803 2399 vestigia
1832 2364 1904 2390 non

416 2410 537 2446 inesse
569 2413 780 2446 statuamus,
833 2409 922 2446 Cum
953 2410 1204 2456 Apollodorus
1234 2409 1345 2456 longe
1379 2409 1536 2455 abesset,
1568 2413 1609 2445 ut
1643 2420 1767 2447 omnes
1802 2410 1904 2456 deos,

415 2466 453 2502 id
495 2466 595 2512 quod
630 2467 770 2503 auctori
806 2466 1070 2512 Neoplatonico
1108 2466 1260 2513 placuit,
1299 2466 1369 2503 soli
1410 2466 1678 2513 aequiperaret,
1717 2470 1904 2504 consenta—

413 2534 520 2560 neum
557 2527 615 2560 est
648 2524 744 2560 hunc
780 2535 852 2560 non
885 2524 1019 2569 omnia,
1056 2534 1150 2570 quae
1180 2524 1277 2560 illius
1307 2525 1343 2560 111
1376 2534 1487 2570 opere
1514 2524 1669 2570 invenit,
1704 2524 1903 2570 recepisse3

414 2584 534 2617 tamen
565 2580 743 2626 quaedam
778 2581 813 2615 in
845 2591 949 2617 usum
984 2591 1087 2617 suum
1123 2580 1302 2617 convertit
1333 2583 1371 2617 et
1401 2580 1448 2617 de
1481 2590 1547 2616 sua
1575 2580 1690 2626 ipsius
1724 2581 1904 2617 sententia

413 2637 577 2673 detorsit.
622 2637 665 2672 In
689 2636 800 2672 dubio
824 2637 1100 2682 relinquendum
1123 2640 1191 2683 est,
1214 2640 1335 2673 utrum
1357 2636 1573 2682 Macrobius,
1596 2639 1638 2672 ut
1661 2636 1704 2672 G.
1721 2636 1904 2673 Wissowa

411 2693 485 2739 (De
501 2692 678 2729 Macrobii
693 2692 977 2730 Saturnaliorum
1001 2692 1166 2730 fontibus
1182 2693 1302 2740 capita
1315 2692 1383 2740 III,
1407 2692 1493 2730 diss.
1510 2692 1768 2739 Vratisl.1880,
1791 2702 1828 2738 p.
1840 2695 1901 2739 40)

410 2750 616 2795 suspicatus
646 2753 714 2796 est,
746 2760 766 2785 e
796 2749 985 2786 Iamblichi
1014 2750 1108 2786 libro
1131 2751 1220 2797 περὶ
1244 2751 1350 2786 θεῶν
1373 2749 1542 2796 pendeat,
1573 2759 1617 2786 an
1643 2760 1662 2785 e
1686 2749 1901 2797 Porphyrio,

412 2806 512 2852 quod
536 2805 739 2843 Reinhardt
762 2806 850 2843 vult.
898 2806 953 2843 Cf.
978 2806 1179 2853 Gruppium
1204 2807 1227 2843 l.
1244 2807 1266 2844 l.
1291 2818 1326 2853 p.
1343 2811 1420 2845 478.
