2096 3129
380 168 462 207 100

376 279 526 319 recedit
567 277 635 332 (cf.
673 291 793 330 supra
826 292 865 330 p.
891 280 944 318 22
975 280 1065 319 adn.
1088 281 1139 331 l).
1211 281 1310 319 Mira
1352 282 1423 319 est'
1454 279 1680 330 explanatio
1725 289 1866 318 cornus
1922 286 1925 288 ’

378 346 619 386 Amaltheae
658 359 682 385 a
720 346 891 387 Cornuto
931 348 968 386 ei
1003 347 1175 396 adnexa,
1212 358 1328 398 quam
1363 345 1414 386 ad
1443 345 1731 397 Apollodorum
1759 356 1872 386 revo-

379 413 542 452 candam
584 425 669 469 esse
704 425 823 464 supra
852 414 1071 464 suspicatus
1098 426 1182 453 sum
1212 415 1265 464 (p.
1285 414 1351 462 52,
1369 412 1519 464 1—3):
1557 424 1637 452 non
1665 413 1873 463 exponitur

378 481 438 520 vis
481 480 593 520 huius
637 481 875 531 gestaminis,
918 482 1048 531 potius
1087 483 1339 532 praeceptum
1377 480 1548 521 ethicum
1588 492 1638 520 ex
1675 492 1723 520 eo
1761 491 1871 520 recu-

378 551 548 598 peratur,
592 549 737 599 quippe
781 548 886 598 quod
928 548 1074 588 indicio
1118 549 1169 588 sit
1210 550 1257 588 iis
1301 549 1432 588 omnia
1469 549 1573 588 bona
1609 547 1761 598 cedere,
1804 547 1872 597 qui

379 627 458 668 non
501 616 643 655 molles
686 616 763 655 sint
806 615 856 654 ad
899 615 1056 655 labores
1098 615 1365 667 perferendos.
1437 616 1545 656 Haec
1588 613 1663 656 καὶ
1701 609 1871 657 τούτου

376 678 506 736 χάριν
546 681 620 724 καὶ
654 678 749 724 ὑπὸ
788 681 1034 737 παρθένων
1074 690 1362 737 νεωκορετται
1397 685 1450 734 (p.
1470 683 1623 734 5216)
1652 683 1703 722 ad
1731 684 1871 722 Roma-

378 762 515 789 norum
535 751 695 790 Vestam
715 751 909 802 pertinere
930 752 1104 790 Prenner
1123 752 1276 801 (Hestia
1295 764 1357 802 ap.
1378 751 1520 791 Rosch.
1535 752 1584 791 M.
1600 751 1642 790 L.
1658 751 1676 790 I
1690 763 1728 802 p.
1744 749 1871 801 2645)

379 821 485 857 recte
523 819 735 868 perspexit.
791 820 931 868 Neque
971 820 1073 857 enim
1108 819 1212 869 apud
1243 819 1414 858 Graecos
1441 830 1601 866 numen,
1640 819 1703 857 cui
1730 828 1872 856 nomen

379 888 439 925 est
473 881 637 936 Ἑστία,
677 899 701 925 a
739 886 956 936 virginibus
997 887 1142 926 cultum
1181 897 1266 926 esse
1304 885 1479 926 traditur.
1547 884 1736 934 Quoniam
1772 884 1872 925 haec

379 965 534 1002 quoque
554 955 675 992 verba
695 954 938 1004 parenthesis
957 955 1079 993 instar
1098 955 1328 1002 inseruntur,
1354 953 1459 1003 quod
1478 965 1596 1004 supra
1615 953 1664 993 de
1683 953 1741 1002 iis,
1770 963 1871 1002 quae

378 1033 416 1071 p.
439 1021 712 1070 9,21-10,2
749 1024 788 1061 et
822 1033 860 1073 p.
884 1022 1073 1071 16,7-9
1108 1022 1303 1072 leguntur,
1343 1021 1560 1072 suspicatus
1587 1032 1688 1070 sum,
1727 1021 1872 1072 optime

380 1090 577 1138 probatur.
626 1090 888 1138 Explicationi
916 1090 1023 1128 vocis
1052 1087 1282 1141 θρίαμβος,
1312 1100 1412 1138 quae
1431 1088 1673 1138 Apollodoro
1699 1088 1873 1138 debetur,

380 1156 571 1196 Cornutus
611 1156 721 1196 addit
758 1156 873 1197 haec:
914 1148 1027 1198 ὅθεν
1062 1155 1137 1197 καὶ
1174 1153 1222 1198 ἐν
1251 1162 1346 1206 τοῖς
1375 1152 1488 1198 κατὰ
1518 1156 1612 1198 τῶν
1641 1153 1871 1210 πολεμίων

380 1219 619 1277 θριάμβοις
686 1225 875 1271 πολλοῖς
939 1222 1228 1273 ἀναπαίστοις
1291 1219 1576 1273 σκώπτοντες
1634 1223 1871 1278 χρῶνταιῑ)

378 1290 434 1341 (p.
456 1292 520 1339 61,
537 1291 732 1341 20—22).
804 1292 988 1342 Suspicor
1037 1291 1135 1330 haec
1178 1292 1299 1331 verba
1343 1291 1393 1330 ad
1436 1303 1572 1331 versus
1614 1289 1872 1342 triumphales

378 1358 587 1397 referenda
626 1370 727 1406 esse,
767 1370 865 1409 quos
905 1359 1049 1397 milites
1078 1359 1243 1398 Romani
1281 1360 1320 1397 in
1359 1359 1633 1409 imperatorum
1668 1357 1872 1409 triumphis

377 1426 615 1465 iocabantur.
663 1427 765 1465 Nam
795 1426 946 1465 etiamsi
974 1425 1015 1465 hi
1045 1438 1178 1466 versus
1207 1438 1286 1465 non
1317 1429 1428 1465 erant
1458 1418 1736 1476 ἀνάπαιστοι,
1767 1428 1872 1465 certe

378 1494 499 1532 verbo
538 1488 823 1541 σκώπτοντες
856 1494 1086 1533 iocationem
1121 1495 1291 1543 aliquam
1326 1494 1524 1543 designari
1561 1494 1602 1532 in
1641 1494 1774 1544 aprico
1803 1495 1873 1532 est.

378 1561 517 1610 Neque
556 1573 650 1600 vero
688 1562 764 1599 illa
792 1561 913 1600 verba
948 1561 999 1600 ad
1028 1562 1175 1601 Bacchi
1210 1562 1329 1611 ipsius
1365 1562 1494 1600 multis
1530 1573 1618 1600 cum
1653 1561 1871 1600 iocantibus

380 1628 583 1667 comitibus
619 1640 668 1667 ex
697 1628 810 1667 India
844 1629 992 1667 reversi
1021 1628 1253 1679 triumphum
1282 1628 1504 1668 revocanda
1533 1630 1638 1676 sunt;
1678 1627 1728 1667 ad
1757 1639 1871 1678 quem

380 1707 481 1746 quae
516 1708 554 1747 p.
577 1696 711 1744 61,16
747 1697 942 1746 leguntur,
982 1696 1161 1736 videntur
1201 1697 1406 1746 pertinere.
1463 1697 1607 1736 Notum
1645 1699 1773 1736 autem
1814 1697 1873 1735 est

379 1765 639 1803 Romanorum
689 1762 963 1814 grammaticos
1007 1777 1142 1803 vocem
1187 1764 1371 1815 triumphi
1415 1767 1454 1803 et
1496 1764 1654 1815 linguae
1698 1763 1871 1804 Graecae

380 1833 615 1871 vocabulum
666 1831 887 1886 θρίαμβος
938 1836 1106 1883 cognata
1155 1833 1220 1871 vel
1269 1833 1379 1871 illam
1434 1844 1483 1872 ex
1530 1831 1605 1872 hoc
1654 1831 1869 1871 derivatam

381 1911 467 1940 esse
509 1901 740 1950 statuisse.²)
797 1901 931 1948 Talia,
972 1901 1110 1950 quibus
1140 1913 1202 1939 res
1232 1902 1491 1939 Romanorum
1527 1900 1795 1950 respiciuntur,
1830 1901 1872 1938 in

378 1967 539 2015 librum,
586 1978 663 2017 quo
704 1966 753 2006 de
792 1966 992 2016 theologia
1032 1966 1183 2007 Graeca
1221 1967 1358 2017 agitur,
1396 1967 1569 2006 inserere
1608 1967 1756 2006 auctori
1792 1977 1872 2005 non

379 2035 573 2083 convenit,
602 2035 678 2073 nisi
707 2034 808 2073 forte
827 2036 973 2073 Romae
994 2038 1169 2073 versatus
1189 2035 1374 2073 Romanis
1393 2035 1535 2072 librum
1556 2045 1665 2072 suum
1685 2034 1871 2080 destinat;

377 2101 419 2139 id
448 2104 576 2141 autem
606 2101 648 2140 in
677 2101 887 2141 Cornutum
917 2102 1087 2142 Stoicum
1116 2101 1391 2152 philosophum
1423 2101 1539 2142 cadit.

493 2170 629 2208 Miram
678 2170 868 2208 rationem
913 2170 1105 2209 Cornutus
1154 2169 1314 2208 adhibet
1363 2168 1414 2207 ad
1458 2181 1544 2208 eam
1587 2168 1761 2207 fabulam
1804 2180 1871 2207 ex-

379 2236 634 2287 planandam,
679 2248 757 2287 qua
794 2237 986 2277 Hercules
1032 2236 1136 2288 apud
1175 2235 1396 2288 Omphalen
1442 2237 1612 2276 ancillae
1650 2237 1872 2276 muneribus

379 2305 535 2344 functus
566 2317 651 2344 esse
679 2308 876 2344 narratur:
906 2317 996 2344 nam
1025 2306 1201 2354 reginam
1221 2304 1397 2353 Lydiam,
1427 2316 1542 2354 quam
1571 2305 1641 2343 alii
1670 2304 1872 2355 cupidinis,

380 2373 443 2411 cui
476 2373 669 2412 Hercules
704 2373 805 2412 alias
840 2373 1007 2412 invictus
1042 2372 1302 2421 succubuerit,
1341 2370 1547 2422 imaginem
1585 2372 1831 2423 intellegunt,
1839 2373 1871 2422 ³)

496 2506 523 2551 ¹)
547 2506 744 2551 Perperam
767 2504 895 2542 Nauck
919 2504 1078 2541 coniecit
1100 2501 1138 2540 οἱ
1161 2503 1308 2541 πολλοὶ.

494 2562 523 2607 ²)
548 2561 604 2598 cf.
621 2562 737 2599 Varro
762 2561 809 2598 de
833 2561 955 2607 lingua
976 2561 1037 2597 lat.
1053 2561 1108 2598 VI
1125 2564 1185 2597 68:
1210 2561 1264 2597 sic
1279 2560 1506 2607 triumphare
1521 2560 1754 2607 appellatum,
1777 2560 1873 2606 quod

380 2629 460 2653 cum
492 2619 710 2662 imperatore
740 2617 877 2653 milites
907 2617 1094 2652 redeuntes
1126 2616 1318 2653 clamitant
1344 2628 1413 2662 per
1433 2616 1557 2652 urbem
1579 2616 1624 2652 in
1647 2616 1872 2662 Capitolium

379 2674 483 2710 eunti
507 2674 582 2720 ‘(2‘)o
607 2673 824 2720 triumphc’,·
847 2672 889 2709 id
911 2683 936 2708 a
957 2669 1137 2721 θριάμβῳ
1159 2684 1202 2709 ac
1222 2683 1349 2719 graeco
1365 2672 1494 2708 Liberi
1509 2674 1740 2718 cognomento
1750 2673 1872 2718 potest

381 2730 530 2832 dwturfi
548 2786 604 2823 cf.
628 2786 796 2832 Fulgent.
821 2786 858 2822 11
875 2789 896 2822 2
919 2797 955 2832 p.
973 2789 1012 2822 41
1029 2787 1074 2822 H.
