2096 3129
1635 211 1688 251 55

206 315 431 367 προάγουσα
448 321 719 368 παραπλησίως
731 325 814 363 ταῖς
825 322 913 366 τῇδε
940 322 943 370 ᾖ
983 316 1079 357 εἶναι
1098 318 1165 357 τδν
1183 318 1317 367 λόγον·
1335 319 1397 358 καὶ
1414 317 1488 368 γάρ
1506 319 1545 358 αἱ
1560 318 1692 366 μαιου-

206 377 350 422 μαίαις,
376 371 511 424 Ἑρμῆς
542 376 582 414 δὲ
609 375 753 422 ἐκείνης
775 382 865 419 παῖς
889 373 910 412 ὅ
940 375 943 424 ᾖ
981 389 1092 420 μεναι
1126 375 1192 419 τοὶς
1223 383 1402 422 γυναῖκας
1433 375 1618 414 ἐντεῦθεν
1642 373 1690 413 εἴ·

206 428 337 479 λόγος,
368 426 470 478 ἥκων
493 431 554 470 διὰ
576 430 743 476 πάντων,
775 429 819 476 ὃς
843 430 913 480 τήν
939 430 942 493 j
981 445 1112 480 ρηνται
1134 437 1243 478 μαῖαι
1267 438 1321 482 τῷ
1347 428 1451 470 ώσὰν
1476 429 1519 477 ἐξ
1536 428 1691 480 ἐρεύνης

207 487 248 524 ἐν
279 493 333 537 τῷ
366 483 506 535 οἷφανεῖ
538 494 615 525 τῶν
651 486 775 525 ὄντων
809 501 912 536 περι·
940 495 942 504 ’·
980 486 1167 536 προάγειν
1192 488 1246 532 εἰς
1270 495 1351 536 φῶς
1373 488 1421 526 τὰ
1443 488 1577 537 βρέφη.

206 543 300 592 οχήν
340 543 381 581 ἐν
419 542 615 582 διαστάσει
650 547 715 581 καὶ
750 545 911 595 προνοίᾳ
939 553 941 590 ξ

205 600 332 649 λόγων
350 597 478 645 οἷῖδίως
493 600 655 650 πρώτως
672 599 911 648 ἐξέφηνεν...
939 604 941 651 ξ

204 660 328 705 Atque
358 660 481 704 etiam,
513 669 606 704 quac
631 659 723 705 Lyd.
747 670 783 704 p.
802 662 910 703 129‚7
938 653 940 706 3

205 725 250 753 ex
265 715 418 763 Apiono,
435 719 475 753 ut
490 714 645 762 videtur,
661 714 813 762 profert,
830 725 911 751 cum
938 715 941 735 ²

205 774 364 809 Cornuto
389 774 627 809 consentiunt.
938 738 941 805 3

314 855 386 896 His
415 853 569 896 aceedit
596 854 706 894 aliud
735 854 992 895 testimonium
1022 856 1061 894 et
1089 853 1130 893 id
1149 854 1438 905 gravissimum;
1468 853 1566 895 haec
1587 855 1688 894 enim

204 923 359 962 exhibet
392 924 452 961 Et.
477 924 527 961 M.
563 935 600 972 p.
627 923 720 970 589,
741 923 794 960 49
830 934 860 960 s.
885 935 921 960 v.
957 923 1142 962 Μοῦσά·
1184 921 1303 970 Τινές
1342 931 1447 973 φασι
1485 919 1689 975 μύουσαν

202 984 313 1031 εἶναι
361 983 523 1046 αὐτήν·
569 986 596 1045 ἡ
641 984 723 1043 γὰρ
765 983 955 1044 μουσικὴ
998 981 1133 1030 ου’δὲν
1179 986 1376 1043 διαφέρει
1418 987 1686 1042 μυστηρίων.

200 1053 272 1105 Ὡς
303 1055 349 1097 δὲ
378 1050 518 1106 ἄλλοι,
556 1053 685 1110 μῶσά
714 1070 778 1104 τις
808 1053 920 1096 ἐστι’·
959 1056 1029 1108 μοό
1059 1054 1141 1109 γὰρ
1171 1055 1245 1096 καὶ
1273 1057 1431 1109 μῶμαι,
1468 1053 1521 1097 τὸ
1552 1057 1686 1111 ζητῶ·

202 1123 456 1179 Ἐπίχαρμος
485 1115 510 1165 ὁ
540 1121 748 1178 κωμικός,

528 1199 713 1257 Πύρραν
742 1216 788 1256 γε
818 1203 888 1256 μῶ
917 1201 991 1244 καὶ
1022 1201 1316 1244 Δευκαλίωνα.
1329 1204 1359 1253 ¹)

315 1281 396 1324 Καὶ
436 1278 518 1338 τὴν
556 1282 640 1324 τοῦ
678 1279 840 1336 Ἑρμοῦ
875 1275 917 1334 (ὅ
953 1279 1043 1323 ἐστι
1080 1279 1165 1335 τὴν
1202 1282 1285 1323 τοῦ
1322 1278 1476 1336 λόγου)
1505 1281 1686 1337 μητέρα,

200 1351 352 1392 Μαῖαν
379 1348 506 1404 λέγει,
535 1346 656 1404 παρὰ
679 1346 761 1406 τὴν
789 1345 968 1406 ζήτησιν
987 1348 1061 1391 καὶ
1082 1342 1255 1404 εὕρεσιν
1275 1350 1368 1390 τῶν
1386 1345 1686 1404 μαθημάτων·

200 1417 276 1459 καὶ
313 1417 449 1471 μαίω,
493 1413 545 1459 τὸ
585 1419 720 1473 ζητῶ·
761 1412 875 1459 ὅθεν
912 1416 988 1459 καὶ
1024 1425 1131 1471 μαῖα
1169 1417 1243 1458 καὶ
1280 1418 1438 1471 μοῦσα.
1497 1419 1592 1458 Cum
1626 1419 1687 1458 his

200 1485 471 1535 coniungenda
514 1489 619 1532 sunt,
663 1497 762 1535 quae
805 1485 966 1525 Photius
1009 1498 1058 1525 cx
1095 1485 1283 1524 Helladio
1328 1486 1521 1535 excerpsit
1557 1485 1686 1534 (Phot.

199 1553 293 1591 bibl.
323 1552 406 1592 cod.
427 1553 508 1591 279
539 1565 576 1603 p.
598 1553 715 1591 530b
745 1552 897 1602 Bckk.).
953 1552 1093 1592 Altera
1121 1553 1228 1591 vocis
1257 1552 1418 1593 Μοῦσα
1449 1554 1686 1603 etymologia

198 1619 470 1669 Apollodorca
504 1619 614 1672 est,2)
654 1631 752 1668 quac
787 1619 923 1658 eodem
952 1619 1067 1658 modo
1096 1619 1320 1669 Epicharmi
1349 1631 1463 1659 versu
1491 1621 1686 1659 illustrata

200 1686 304 1736 apud
342 1687 550 1727 Cornutum
590 1700 626 1737 p.
658 1687 720 1737 14,
742 1688 765 1725 7
783 1699 865 1737 sqq.
904 1687 1058 1737 legitur.
1116 1687 1233 1726 Vocis
1271 1687 1396 1727 Μαῖα
1434 1689 1561 1726 autem
1601 1690 1685 1736 ety-

199 1754 417 1804 mologiam,
447 1766 547 1804 quae
566 1756 606 1793 in
626 1755 897 1804 Etymologico
917 1755 1060 1804 Magno
1079 1755 1302 1804 insequitur,
1333 1766 1419 1793 cum
1440 1754 1577 1794 eadem
1596 1756 1683 1794 sub-

198 1824 342 1861 stracta
370 1823 420 1862 sit
444 1823 604 1871 ratione,
635 1834 767 1862 omnes
785 1822 904 1862 habet
923 1823 1006 1861 veri
1025 1834 1206 1861 numeros
1226 1822 1351 1861 eidem
1371 1822 1505 1862 deberi
1524 1825 1684 1863 auctori.

311 1890 562 1929 Plutarchum
596 1890 878 1940 Apollodoreis
913 1892 1062 1929 scatere
1097 1890 1255 1929 Miinzel
1285 1902 1322 1940 p.
1345 1891 1395 1928 21
1427 1889 1516 1929 adn.
1538 1891 1562 1928 2
1594 1902 1683 1930 con-

196 1956 366 1997 tendisse
399 1957 501 1996 infra
529 1958 708 2008 pluribus
738 1958 1010 2008 speciminibus
1039 1969 1099 1996 me
1128 1958 1377 2007 probaturum
1406 1969 1540 2007 spero:
1581 1969 1683 1997 nunc

200 2036 344 2074 quaeso
373 2026 586 2074 perlustres
614 2025 730 2064 haec:

241 2100 904 2147 Plutanseniresp.ger.sitp.797F:
934 2104 937 2137 ἔ
1019 2100 1124 2137 Corn.
1155 2112 1191 2146 p.
1216 2103 1270 2146 23,
1292 2103 1349 2137 16:
1389 2098 1426 2136 οὶ
1465 2097 1497 2136 ‹5’
1533 2097 1681 2148 α’ρχαῖοι

197 2153 254 2192 διὸ
271 2157 338 2206 καὶ
350 2159 427 2191 τῶν
439 2150 583 2202 Ἑρμῶν
594 2154 684 2198 τοὺς
697 2153 904 2203 πρεσβυτὲ-
975 2154 1063 2198 τοὺς
1085 2155 1159 2200 μὲν
1180 2153 1465 2203 πρεσβυτέρους
1480 2158 1541 2192 καὶ
1560 2169 1678 2202 γενει-

197 2224 284 2258 ρους
302 2208 454 2259 ἄχειρας
468 2213 531 2249 καὶ
549 2208 693 2256 ἄποδας
710 2209 904 2257 ἐντεταμὲ-
974 2215 1097 2255 ὥντας
1116 2207 1253 2258 Ἑρμὰς
1269 2209 1373 2260 ὀρθά
1390 2209 1546 2250 ἐποίουν
1565 2210 1609 2248 τά
1627 2211 1680 2248 αι’-

196 2281 284 2311 νους
296 2267 337 2305 δὲ
351 2269 584 2314 τοῖςμορίοις
596 2271 900 2315 δημιουργοῦσιν,
973 2271 1057 2304 δοῖα
1089 2264 1261 2314 ἔχοντας,
1292 2267 1382 2311 τοὺς
1412 2268 1452 2306 δὲ
1478 2267 1680 2315 νεωτέρους

196 2322 451 2370 αἰνιττόμενοι
482 2327 560 2361 τῶν
590 2321 787 2371 γερόντων
821 2320 904 2361 ε’λά-
930 2329 934 2413 ³
971 2326 1037 2360 καὶ
1049 2324 1174 2367 λείους
1185 2321 1410 2370 παρειμένα,
1427 2322 1680 2371 παριστάντες

193 2391 306 2426 χιστα
342 2383 492 2417 δεῖσθαι
527 2378 588 2417 διὰ
622 2385 693 2418 τοῦ
727 2377 903 2426 σώματος
971 2375 1033 2417 ὅτι
1059 2378 1100 2416 ἐν
1122 2386 1203 2423 τοῖς
1223 2378 1489 2428 προβεβηκόσι
1507 2385 1588 2422 ταῖς
1600 2377 1679 2427 ,ἧλι-

196 2434 466 2483 ἑνεργούντων,
492 2434 558 2473 ε’ἁν
582 2435 648 2473 τὸν
671 2434 788 2482 λόγον
803 2433 903 2484 ἐνερ-
970 2436 1069 2478 κίαις
1091 2434 1248 2482 γόνιμος
1271 2427 1291 2472 ὁ
1310 2433 1426 2482 λόγος
1449 2438 1510 2472 καὶ
1532 2434 1678 2478 τέλειός

196 2488 277 2537 γόν,
315 2488 367 2534 ὡς
402 2490 601 2538 προσήκει,
641 2491 703 2529 καὶ
742 2487 902 2538 γόνιμον
972 2490 1085 2535 ἐστιν,
1117 2488 1161 2535 ὃς
1191 2488 1234 2538 δή
1258 2494 1322 2528 καὶ
1347 2490 1491 2539 [τυχόν]
1516 2497 1570 2540 τῷ
1595 2490 1677 2528 ὄντι

194 2545 341 2594 ἔχωσιν.
971 2545 1053 2586 ἐστὶ
1065 2546 1274 2595 τυγχάνων,
1292 2544 1346 2584 ὧν
1358 2545 1406 2585 ἄν
1417 2547 1622 2594 πρόθηται,
1637 2546 1679 2585 ἐν

927 2634 930 2641 .
969 2603 1010 2642 δὲ
1036 2610 1115 2647 τοῖς
1138 2601 1277 2651 ἀώροις
1301 2601 1439 2650 ἄγονος
1454 2606 1515 2640 καὶ
1530 2600 1678 2650 ἀτελής.

308 2673 337 2718 ¹)
367 2672 499 2710 Kaibcl
527 2673 585 2710 Fr.
611 2674 710 2710 Com.
735 2673 845 2719 1118,
878 2673 939 2719 qui
971 2673 1203 2710 scribendum
1234 2683 1317 2709 esse
1349 2675 1490 2708 censet:
1522 2671 1679 2719 Πύρραν

195 2740 243 2773 γα
266 2731 390 2772 μῶται
414 2730 651 2774 Λευκαρίων.

307 2785 337 2830 ²)
360 2784 489 2821 Utrum
519 2785 627 2821 ctiam
656 2785 756 2831 prior
779 2785 1017 2832 etymologia,
1048 2795 1141 2832 quae
1165 2785 1261 2830 apud
1285 2784 1485 2821 Diodorum
1509 2784 1561 2821 IV
1577 2789 1595 2819 7
1622 2796 1677 2821 re-

194 2841 314 2888 currit,
336 2841 565 2887 Apollodoro
588 2841 804 2879 vindicanda
826 2842 882 2887 sit,
905 2852 1032 2887 necue,
1057 2841 1235 2886 explorari
1257 2840 1394 2886 nequit.
