2096 3129
391 177 444 216 58

390 291 616 330 cedentibus
653 291 792 339 subest,
832 291 993 330 rationis
1033 292 1236 341 vestigium
1272 292 1393 331 inest:
1431 291 1478 331 cf.
1508 304 1544 365 p.
1573 291 1637 340 35,
1659 293 1683 330 2
1713 286 1765 332 τὸ
1797 285 1879 343 γὰρ

387 358 493 411 πῦρ,
534 350 571 412 ᾧ
602 358 797 411 χρῶνται
836 355 881 398 αι
909 357 1059 411 τέχναι
1089 380 1143 386 -
1172 371 1210 408 p.
1237 359 1302 407 34,
1323 360 1349 397 8
1380 355 1440 408 ὡς
1469 354 1552 412 γὰρ
1579 355 1708 412 χάριν
1737 353 1880 410 φαμὲν

389 422 503 478 ἔχειν
541 419 597 466 τὰ
634 421 812 478 τεχνικὰ
850 422 968 479 ἔργα.
1033 427 1108 465 Vel
1145 426 1234 465 ideo
1272 426 1477 476 probabile
1517 429 1576 466 est
1614 427 1695 466 eius
1734 425 1880 464 fontem

388 494 554 533 eundem
607 505 692 533 esse
746 497 863 543 atque
916 495 1089 541 illarum·
1145 494 1214 532 sed
1268 494 1420 533 accedit
1474 495 1583 534 aliud
1630 495 1878 533 momentum:

389 562 593 612 catalogus
632 563 759 600 exstat
793 573 817 599 a
851 561 1046 600 Munzelio
1076 560 1148 608 Qu.
1174 573 1222 599 m.
1251 573 1288 611 p.
1313 562 1365 600 10
1380 572 1463 611 sqq.
1493 564 1600 601 recte
1629 560 1878 612 Apollodoro

388 630 617 677 vindicatus,
647 641 725 679 quo
752 631 884 669 variae
914 632 1019 669 ortus
1048 631 1248 669 Minervae
1276 629 1434 669 fabulae
1464 642 1672 680 earumque
1702 632 1878 669 auctores

387 699 677 748 percensentur.
734 697 806 738 Cui
844 698 980 737 similis
1019 700 1079 737 est
1113 710 1137 736 a
1171 698 1365 737 Mfinzelio
1406 697 1531 737 eidem
1569 697 1668 738 fonti
1705 697 1880 745 tributus,

387 778 476 815 quo,
506 777 606 814 quae
637 766 686 804 de
706 766 824 804 Panis
855 769 940 804 ortu
962 767 1112 804 variant
1131 769 1320 814 auctores,
1351 768 1600 805 enarrantur:
1629 765 1720 804 huic
1740 767 1879 815 agglu-

386 834 511 873 tinata
548 836 607 872 est
645 833 763 872 Panis
802 833 970 873 notionis
1009 833 1203 884 allegoria
1239 844 1396 884 prorsus
1436 833 1650 874 Stoicorum
1691 845 1712 873 e
1750 835 1878 873 mente

389 903 505 946 dicta,
545 914 660 951 quam
689 902 899 949 Cornutus,
938 902 1043 952 apud
1081 914 1194 951 quem
1233 903 1341 941 illius
1379 903 1549 951 catalogi
1586 914 1635 941 ne
1674 903 1878 952 vestigium

388 970 544 1020 quidem
592 970 805 1018 invenitur,
855 971 1060 1020 excerpsit.
1128 970 1226 1009 Inde
1271 982 1400 1010 nonne
1448 970 1772 1010 verisimillimum
1821 973 1880 1009 est

386 1039 499 1076 illum
536 1038 737 1077 Minervae
776 1040 880 1077 ortus
918 1037 1136 1076 fabularum
1177 1039 1396 1089 catalogum
1435 1041 1639 1088 exceptum
1673 1037 1794 1077 fuisse
1828 1037 1878 1076 ab

387 1106 580 1155 allegoria
608 1105 756 1154 eadem,
787 1117 888 1154 quae
917 1106 1021 1155 apud
1042 1105 1252 1145 Cornutum
1280 1106 1449 1156 legitur?
1496 1105 1574 1145 Sed
1597 1105 1878 1156 interpretandi

386 1174 486 1211 ratio
525 1174 583 1220 iis,
622 1184 723 1221 quae
761 1173 866 1223 apud
906 1184 992 1211 eum
1028 1175 1250 1221 sequuntur,
1288 1173 1342 1210 ita
1374 1173 1588 1219 invertitur,
1622 1175 1665 1210 ut
1693 1172 1879 1220 Minerva,

388 1252 488 1290 quae
542 1242 659 1279 antea
705 1241 1009 1290 intellegebatur
1055 1239 1252 1280 hominum
1300 1241 1516 1280 sollertium
1564 1232 1766 1293 ἀγχίνοια
1813 1239 1878 1289 (cf.

387 1321 425 1359 p.
453 1309 600 1357 33,10.
641 1308 706 1357 35,
727 1308 786 1358 4),
826 1308 876 1346 ad
915 1309 1019 1347 Iovis
1056 1307 1179 1359 ipsius
1217 1308 1502 1358 providentiam
1541 1311 1580 1347 et
1615 1310 1780 1347 mentem
1818 1319 1878 1346 re-

386 1377 553 1416 feratur:
583 1373 610 1430 ἡ
640 1373 687 1417 δὲ
710 1368 873 1430 Ἀθηνᾶ
903 1373 1023 1417 ἐστιν
1051 1374 1079 1432 ἡ
1108 1376 1190 1417 τοῦ
1216 1374 1318 1425 Διὸς
1346 1372 1532 1425 σύνεσις.
1582 1377 1724 1415 Verum
1748 1379 1878 1415 tamen

387 1445 548 1483 alterius
596 1444 758 1482 rationis
806 1444 1013 1494 vestigium
1061 1446 1159 1483 latet
1197 1445 1238 1482 in
1282 1444 1362 1483 his:
1401 1441 1454 1484 τὸ
1494 1438 1761 1499 ἡγεμονικὸν
1800 1443 1877 1498 τῆς

386 1511 527 1566 ψυχῆς
564 1507 694 1564 ἡμῶν
731 1503 915 1552 ἐνταῦθ’
954 1506 1078 1552 εἶναι.
1138 1511 1266 1558 Quare
1306 1512 1480 1562 suspicor
1515 1512 1724 1553 Cornutum
1752 1512 1876 1562 ipsum

385 1579 458 1618 has
487 1580 700 1629 allegorias
728 1580 995 1629 perturbasse;
1026 1592 1075 1618 ex
1104 1580 1182 1618 alio
1212 1582 1341 1618 autem
1366 1579 1484 1629 sonte,
1509 1591 1623 1628 quem
1641 1579 1877 1628 investigare

385 1658 463 1686 non
492 1647 598 1695 licet,
626 1645 756 1686 hausit
784 1658 822 1697 p.
844 1646 909 1695 35,
928 1647 1092 1685 17—19
1123 1646 1187 1696 (cf.
1213 1659 1250 1697 p.
1273 1647 1339 1697 36,
1355 1635 1493 1697 54-7).
1540 1646 1616 1686 Sed
1641 1646 1878 1686 lineamenta

385 1715 688 1766 explicationum
726 1714 907 1754 videntur
941 1715 1211 1765 Apollodorea
1249 1726 1355 1754 esse:
1397 1715 1614 1755 consentire
1652 1715 1754 1753 enim
1789 1726 1875 1753 cum

385 1784 557 1823 Cornuto
586 1783 828 1822 Heraclitum
857 1795 894 1832 p.
917 1784 982 1831 29,
1001 1783 1188 1831 18-3o‚
1209 1784 1234 1821 8
1270 1796 1295 1821 a
1328 1784 1422 1822 viris
1463 1782 1588 1822 doctis
1626 1782 1770 1821 dudum
1809 1783 1875 1821 ob-

384 1853 579 1891 servatum
619 1852 687 1890 est.
745 1850 1031 1901 Apollodorum
1069 1851 1221 1901 utrique
1251 1851 1408 1891 subesse
1438 1851 1599 1899 Panzer,
1633 1850 1694 1890 De
1723 1849 1873 1899 Mytho-

384 1919 535 1969 grapho
565 1918 771 1958 Homerico
800 1918 1053 1967 restituendo,
1083 1919 1234 1958 dissert.
1262 1918 1408 1969 Gryph.
1431 1919 1539 1956 1892
1569 1930 1606 1968 p.
1634 1919 1686 1956 66
1702 1929 1759 1967 sq.
1787 1929 1875 1968 pro-

383 1986 588 2025 nuntiavit.
600 1985 629 2036 ¹)
687 1986 814 2024 Etiam
843 1985 908 2025 hic
936 1987 1101 2036 optimus
1130 1987 1240 2025 testis
1268 1986 1380 2025 nobis
1409 1986 1597 2025 succurrit
1625 1985 1876 2035 Porphyrius,

384 2055 451 2103 qui
476 2053 574 2092 haec
603 2053 820 2092 hariolatur
848 2053 1006 2103 (Euseb.
1025 2055 1069 2092 P.
1085 2055 1129 2092 Ε.
1149 2054 1207 2092 111
1230 2055 1292 2102 ll,
1309 2054 1395 2103 31):
1436 2047 1548 2105 ὅπερ
1575 2050 1623 2093 δὲ
1648 2044 1875 2093 Ἀπόλλων

384 2118 434 2162 ἐν
463 2119 591 2174 ἡλίῳ,
629 2119 766 2161 τοῦτο
793 2112 955 2176 Ἀθηνᾶ
983 2117 1032 2162 ἐν
1057 2116 1239 2176 σελήνῃ·
1281 2116 1372 2162 ἔστι
1401 2115 1483 2175 γὰρ
1513 2120 1591 2176 τῆς
1619 2114 1875 2175 φρονήσεως

383 2185 624 2242 σύμβολον,
645 2184 840 2242 Ἀθρηνᾶ
859 2201 926 2236 τις
946 2181 1106 2237 οὖσα.2)
1149 2190 1257 2228 Haec
1278 2189 1661 2242 etymologiabquam
1683 2187 1873 2228 Cornutus

497 2342 525 2386 ¹)
556 2342 639 2378 Non
669 2341 798 2378 debuit
825 2342 891 2378 niti
915 2342 1180 2388 subscriptione
1203 2342 1332 2379 scholii
1355 2344 1387 2378 A
1407 2346 1469 2378 195
1493 2342 1578 2378 hac:
1611 2331 1633 2387 ἦ
1659 2339 1699 2379 δὲ
1725 2339 1873 2389 ἱστορία

382 2395 488 2444 παρὰ
512 2394 797 2447 Ἀπολλοδώρῳ.
844 2398 1059 2437 Continetur
1080 2399 1153 2436 hoc
1175 2399 1314 2436 scholio
1339 2399 1536 2445 explicatio
1560 2399 1648 2436 satis
1671 2399 1872 2445 nugatoria,

382 2456 441 2491 cui
464 2455 671 2491 adnectitur
692 2465 792 2491 mera
814 2454 957 2491 fabulae
979 2455 1145 2502 narratio,
1170 2455 1273 2492 cuius
1296 2455 1424 2492 similis
1446 2455 1484 2491 in
1505 2455 1722 2501 Apollodori
1744 2455 1873 2492 biblio·

382 2512 490 2548 theca
512 2512 547 2558 (I
563 2516 595 2558 3,
608 2515 628 2548 6
651 2524 688 2558 p.
710 2515 760 2558 10,
773 2515 816 2548 25
828 2523 908 2558 sqq.
925 2512 1071 2559 Wagn.)
1095 2512 1238 2559 legitur.
1285 2513 1334 2549 Et
1355 2523 1396 2549 re
1419 2522 1506 2549 vera
1528 2523 1550 2549 a
1570 2512 1770 2550 scholiasta
1790 2513 1872 2559 ipso

382 2568 456 2604 tale
486 2569 741 2614 compendium
770 2568 993 2614 significatur
1015 2569 1090 2604 his:
1123 2563 1293 2614 εὐλόγως
1315 2567 1378 2604 καὶ
1402 2565 1440 2604 οἱ
1462 2565 1711 2614 μυθογράφοι
1735 2567 1871 2615 φασίνε

382 2633 560 2669 nusquam
591 2623 846 2670 grammaticus
876 2623 1109 2660 Atheniensis
1138 2620 1392 2670 μυθογράφος
1422 2623 1533 2661 audit.
1586 2624 1709 2662 Taceo
1732 2624 1872 2662 scholio

382 2680 430 2716 ad
469 2690 500 2725 ψ
527 2683 590 2716 198
629 2679 700 2724 (de
740 2690 814 2724 quo
851 2681 980 2725 supra)
1018 2680 1197 2717 subscribi
1231 2706 1246 2715 .
1268 2708 1278 2718 .
1307 2708 1319 2718 .
1361 2677 1465 2726 παρὰ
1502 2676 1779 2729 Ἀπολλοδώρῳ
1817 2684 1872 2728 τῷ

381 2730 572 2784 Ἀθηναίῳ.

495 2794 525 2838 ²)
542 2791 596 2828 Cf.
615 2791 773 2831 Macrob.
792 2792 826 2829 S.
844 2793 860 2828 1
874 2796 925 2839 17,
936 2796 988 2829 70.
1024 2793 1129 2831 Unde
1143 2793 1325 2831 Cornutus
1338 2796 1468 2839 cetera,
1486 2803 1580 2840 quae
1592 2792 1733 2839 profert
1743 2793 1870 2831 verilo-
