2096 3129
353 165 405 204 62

354 275 443 319 ἀπὸ
484 277 566 319 τοῦ
606 275 782 320 ἐναύειν
821 277 989 332 γίνεται
1026 275 1142 321 κατὰ
1174 273 1528 333 Ἀπολλόδωρον,
1567 272 1592 320 ὅ
1622 276 1742 321 ἐστιν
1771 275 1840 333 ἐμ-

354 346 551 397 φωνεῑν).
609 347 691 386 Aut
720 347 911 386 Cornutus
942 347 1210 399 veriloquium,
1249 347 1353 399 quod
1382 347 1540 398 profert,
1573 348 1658 398 ipse
1687 347 1841 397 excogi-

351 413 450 452 tavit
499 417 581 463 aut,
637 414 742 465 quod
789 414 1030 465 probabilius
1079 418 1154 465 est,
1201 415 1486 467 Apollodorus,
1534 417 1577 454 ut
1624 415 1840 465 adsolebat,

353 482 572 531 complures
606 482 787 531 praebuit
821 483 1095 530 etymologias,
1135 495 1157 521 e
1187 484 1326 531 quibus
1355 484 1453 522 alius
1482 483 1601 521 aliam
1631 483 1800 521 servavit
1809 483 1839 530 1)

355 547 418 598 (cf.
450 548 554 599 quod
584 560 703 600 supra
733 548 781 588 de
800 549 911 589 vocis
931 540 1174 603 ἀλάστορες
1193 551 1392 591 notatione
1411 550 1517 601 dixi).
1561 549 1840 600 Cognominum

351 628 444 655 vero
480 618 599 656 series
634 620 677 656 ut
704 618 746 655 in
774 616 1093 656 antecedentibus
1123 618 1330 667 capitibus,
1369 620 1425 658 sic
1453 618 1516 657 hic
1549 617 1839 668 Apollodoreae

351 686 409 723 est
438 684 609 734 originis.
659 684 914 725 Consentiunt
944 685 1046 724 enim
1077 696 1162 724 cum
1188 685 1358 725 Cornuto
1383 686 1622 736 Apollonius
1640 684 1839 736 Sophistes

350 755 389 790 et
417 752 661 791 Eustathius:

395 827 468 873 Ap.
485 827 597 872 Soph.
613 838 648 873 p.
662 830 715 873 53,
730 831 751 863 4
767 827 902 864 Bekk.:
926 830 1060 874 βροτο-
1175 828 1280 864 Corn.
1304 839 1340 873 p.
1357 831 1466 872 41,6:
1504 825 1666 870 εἰκότως
1701 826 1741 864 δὲ
1773 825 1840 863 καὶ

351 880 482 929 λοιγός
505 879 526 918 ὅ
548 879 652 930 Ἄρης
676 878 698 919 ὃ
724 881 785 919 διὰ
812 879 856 919 τὸ
882 881 1061 929 φονεύειν
1128 883 1332 929 μιαίφονος
1342 882 1493 930 λέγεται
1506 886 1569 920 καὶ
1582 878 1839 931 βροτολοιγός,

351 936 420 975 τόν
456 935 628 986 ὄλεθρον
665 937 879 986 ἐπιφέρων·
919 936 1061 987 βρότος
1130 938 1196 976 καὶ
1221 936 1435 983 ἄλαλοῖξιος.

350 993 424 1041 γὰρ
455 990 478 1032 ὁ
511 994 642 1042 φόνος.
689 992 711 1041 ἢ
737 990 760 1032 ὁ
784 993 873 1039 τούς
900 994 1062 1043 βροτοὺς

351 1046 587 1098 ὀλοθρεύων,
610 1064 646 1099 p.
665 1056 718 1099 53,
732 1056 769 1088 9:
794 1048 982 1100 βριήπυος
998 1065 1062 1098 με·

327 1117 332 1124 ·
350 1106 591 1155 γαλόφωνος.

396 1177 498 1213 Eust.
538 1188 574 1222 p.
603 1180 687 1222 944,
708 1180 748 1213 61
792 1177 860 1222 (ad
886 1177 940 1213 IV
964 1177 1061 1222 520:

351 1229 474 1276 ἄλλως
514 1233 554 1270 δὲ
593 1231 780 1280 βριήπυος
819 1231 968 1278 λέγεται
1003 1230 1064 1269 διά
1131 1232 1197 1268 καὶ
1230 1231 1433 1279 βριήπυος,
1469 1232 1651 1279 μεγίστης
1684 1231 1725 1268 ἐν
1757 1239 1839 1275 ταῖς

350 1287 419 1333 τάς
451 1288 492 1325 ἐν
519 1286 622 1336 μάχῃ
644 1287 749 1336 βοὰς,
779 1284 878 1326 ὅθεν
900 1288 963 1325 καὶ
986 1286 1063 1336 βοοέ
1131 1286 1391 1335 παρατάξεσιν
1414 1283 1488 1325 ὑπὸ
1513 1293 1591 1325 τῶν
1614 1287 1839 1335 μαχομένων

349 1346 415 1382 καὶ
446 1344 610 1391 φύλοπις
636 1347 701 1381 καὶ
727 1342 821 1391 ἀϋτή
846 1341 866 1381 ὁ
892 1343 1062 1390 πόλεμος
1132 1339 1342 1390 ἄφιεμένης
1366 1349 1495 1391 φωνῆς
1518 1374 1525 1381 .
1545 1373 1553 1381 .
1572 1373 1580 1380 .

350 1412 514 1448 Λδγέΐαι.

462 1474 558 1514 Cum
588 1474 828 1524 cognominis
856 1468 1071 1529 βριήπυος
1099 1473 1419 1524 interpretatione
1447 1473 1704 1523 victimarum,
1740 1485 1838 1524 quae

349 1544 463 1582 Marti
503 1542 709 1590 debentur,
749 1543 943 1581 enarratio
980 1542 1110 1581 verbis
1149 1533 1260 1583 ὅθεν
1298 1541 1373 1582 καί
1410 1574 1419 1583 .
1448 1573 1457 1582 .
1487 1574 1495 1582 .
1536 1543 1720 1592 copulata
1759 1545 1838 1581 est:

349 1610 636 1662 Apollodorum
682 1610 828 1649 fontem
874 1620 958 1649 esse
997 1609 1193 1649 Schwartz
1232 1611 1258 1649 1.
1288 1611 1316 1649 1.
1353 1612 1512 1660 propter
1548 1609 1755 1660 fragmenti
1788 1610 1837 1649 13

349 1679 641 1729 congruentiam
670 1679 813 1717 statuit.

460 1745 696 1785 Accedimus
739 1757 843 1785 nunc
886 1744 936 1784 ad
980 1757 1047 1785 eas
1089 1745 1221 1784 libelli
1262 1747 1410 1796 partes,
1455 1746 1593 1795 quibus
1630 1745 1838 1796 praecipue

347 1813 656 1863 Apollodoream
696 1812 911 1852 doctrinam
951 1825 1096 1852 meram
1137 1816 1328 1852 servatam
1368 1824 1453 1852 esse
1487 1814 1581 1852 viris
1610 1812 1732 1852 doctis
1760 1814 1837 1851 iam

347 1881 551 1932 probatum
580 1883 651 1920 est.

459 1950 822 1999 Interpretationem
865 1950 1041 1999 Neptuni
1085 1949 1324 1999 cognominis
1369 1944 1541 1998 ἵππιος,
1590 1960 1689 1998 quae
1733 1948 1837 1999 apud

347 2017 558 2057 Cornutum
586 2030 624 2067 p.
644 2017 711 2066 43,
729 2018 779 2055 19
796 2028 879 2066 sqq.
909 2019 1053 2066 exstat,
1082 2017 1262 2056 Wentzel
1290 2008 1452 2057 Ἑπικλ.
1493 2016 1566 2055 VH
1593 2029 1632 2067 p.
1651 2017 1705 2055 42
1734 2015 1837 2065 inde,

347 2084 452 2134 quod
466 2084 688 2133 Hesychius
696 2084 727 2134 2)
748 2085 927 2133 concinit,
947 2084 1194 2135 Apollodoro
1210 2084 1345 2123 deberi
1361 2084 1537 2123 coniecit.
1570 2083 1837 2134 Hefermeh13)

346 2164 440 2193 vero
469 2153 522 2204 (p.
544 2153 568 2191 6
590 2152 679 2192 adn.
708 2165 746 2203 p.
770 2152 832 2201 13,
851 2153 918 2203 16)
954 2153 1191 2193 Cornutiana
1218 2165 1255 2203 p.
1277 2152 1342 2201 42,
1361 2153 1380 2191 1
1395 2164 1492 2203 sqq„
1530 2152 1667 2202 quibus
1702 2152 1837 2193 eadem

346 2221 629 2271 interpretandi
667 2221 767 2259 ratio
803 2221 936 2259 subest
964 2223 1081 2270 atque
1108 2220 1328 2271 Porphyrio
1359 2222 1397 2259 et
1424 2220 1636 2271 Macrobio‚
1672 2232 1836 2270 quocum

348 2290 596 2328 consentiunt
634 2288 786 2328 scholia
827 2289 1073 2328 Genevensia
1112 2289 1163 2328 ad
1194 2290 1247 2339 Φ,
1286 2301 1355 2328 suo
1392 2289 1476 2328 iure
1513 2289 1576 2326 illi
1613 2289 1837 2329 vindicavit.

460 2400 488 2444 ¹)
518 2399 651 2435 Similis
676 2398 825 2436 Cornuti
854 2399 1104 2444 interpretatio
1129 2398 1262 2444 legitur
1284 2400 1393 2444 Διαφ.
1418 2394 1493 2435 ε’κλ.
1518 2409 1553 2443 p.
1571 2401 1699 2444 434,1:
1723 2394 1835 2435 Ἐνύω

346 2455 467 2501 (sic!):
500 2451 577 2490 ἀπὸ
610 2459 678 2491 τοῦ
713 2451 824 2492 ἐνίειν
854 2459 933 2496 τοῖς
963 2453 1161 2499 πολεμίοις
1183 2452 1252 2500 τὴν
1274 2452 1410 2501 μάχην,
1441 2448 1538 2490 ὅθεν
1559 2449 1710 2500 ὑσμίνη.
1755 2455 1837 2492 Hoc

344 2512 587 2557 veriloquium
616 2522 697 2548 cum
721 2511 940 2556 Apollodori
969 2512 1199 2547 coniunctum
1223 2511 1263 2547 in
1281 2512 1340 2547 Et.
1355 2512 1403 2547 M.
1427 2511 1618 2548 exhibetur
1638 2523 1673 2557 p.
1692 2515 1768 2558 345,
1782 2515 1834 2548 53.

458 2570 488 2614 ²)
512 2568 603 2605 Cum
626 2568 776 2604 Cornuti
797 2568 902 2605 vocis
926 2562 1178 2637 εύρύρτερνος
1200 2567 1497 2614 interpretatione
1519 2567 1565 2604 ef.
1582 2568 1741 2616 Hesych.
1757 2579 1785 2605 s.
1799 2580 1835 2605 v.

367 2622 389 2644 1’
431 2623 465 2661 ’σ
610 2619 668 2661 ’ὁ
769 2622 816 2661 ἄλ
868 2622 939 2661 στ’
1019 2622 1129 2662 ε’ων.

346 2638 436 2673 wem
458 2637 849 2729 θζεῗὲἑοηοέἳζπαῖ
872 2627 994 2719 marg}
1017 2638 1222 2729 edificandi
1243 2694 1317 2719 non
1340 2692 1421 2719 esse
1444 2682 1720 2719 Posidomanam’
1728 2710 1736 2729 ,
1767 2683 1836 2719 sed

344 2740 504 2776 medium
526 2743 652 2777 tenere
675 2739 797 2777 locum
819 2740 912 2776 inter
935 2749 1025 2786 eam,
1049 2749 1142 2786 quae
1159 2739 1349 2777 Aristoteli
1365 2742 1403 2776 et
1418 2749 1507 2786 eam,
1530 2749 1622 2785 quae
1638 2739 1835 2776 Posidonio

348 2796 537 2843 placuerit,
561 2796 740 2842 Sudhaus,
764 2795 884 2833 Aetna
907 2808 942 2842 p.
961 2799 1003 2832 56
1029 2796 1148 2832 docet.
