<?xml version="1.0" encoding="UTF-8"?>
<!DOCTYPE html PUBLIC "-//W3C//DTD XHTML 1.0 Transitional//EN"
    "http://www.w3.org/TR/xhtml1/DTD/xhtml1-transitional.dtd">
<html xmlns="http://www.w3.org/1999/xhtml" xml:lang="en" lang="en">
 <head>
  <title>
</title>
<meta http-equiv="Content-Type" content="text/html;charset=utf-8" />
  <meta name='ocr-system' content='tesseract 3.04.00' />
  <meta name='ocr-capabilities' content='ocr_page ocr_carea ocr_par ocr_line ocrx_word'/>
</head>
<body>
  <div class='ocr_page' id='page_1' title='image "4738063_0056.png"; bbox 0 0 2096 3129; ppageno 0'>
   <div class='ocr_carea' id='block_1_1' title="bbox 1657 201 1710 238">
    <p class='ocr_par' dir='ltr' id='par_1_1' title="bbox 1657 201 1710 238">
     <span class='ocr_line' id='line_1_1' title="bbox 1657 201 1710 238; baseline 0 0"><span class='ocrx_word' id='word_1_1' title='bbox 1657 201 1710 238; x_wconf 89' lang='lat'><strong>37</strong></span> 
     </span>
    </p>
   </div>
   <div class='ocr_carea' id='block_1_2' title="bbox 225 310 1713 2736">
    <p class='ocr_par' dir='ltr' id='par_1_2' title="bbox 225 310 1713 1717">
     <span class='ocr_line' id='line_1_2' title="bbox 226 310 1712 361; baseline 0.002 -13"><span class='ocrx_word' id='word_1_2' title='bbox 226 311 441 349; x_wconf 84' lang='lat' dir='ltr'><strong>Minervam</strong></span> <span class='ocrx_word' id='word_1_3' title='bbox 472 310 643 358; x_wconf 89' lang='lat' dir='ltr'><strong>deflexit,</strong></span> <span class='ocrx_word' id='word_1_4' title='bbox 672 312 834 361; x_wconf 84' lang='lat' dir='ltr'><strong>primum</strong></span> <span class='ocrx_word' id='word_1_5' title='bbox 864 313 935 350; x_wconf 93' lang='lat' dir='ltr'><strong>illo</strong></span> <span class='ocrx_word' id='word_1_6' title='bbox 966 311 1015 350; x_wconf 88' lang='lat' dir='ltr'><strong>de</strong></span> <span class='ocrx_word' id='word_1_7' title='bbox 1044 311 1117 350; x_wconf 88' lang='lat' dir='ltr'><strong>deo</strong></span> <span class='ocrx_word' id='word_1_8' title='bbox 1148 312 1294 360; x_wconf 85' lang='lat' dir='ltr'><strong>agitur:</strong></span> <span class='ocrx_word' id='word_1_9' title='bbox 1331 312 1390 351; x_wconf 88' lang='lat' dir='ltr'><strong>vis</strong></span> <span class='ocrx_word' id='word_1_10' title='bbox 1419 313 1584 351; x_wconf 89' lang='lat' dir='ltr'><strong>nominis</strong></span> <span class='ocrx_word' id='word_1_11' title='bbox 1612 313 1712 351; x_wconf 86' lang='lat' dir='ltr'><strong>veri-</strong></span> 
     </span>
     <span class='ocr_line' id='line_1_3' title="bbox 226 376 1713 428; baseline 0.001 -12"><span class='ocrx_word' id='word_1_12' title='bbox 226 378 360 427; x_wconf 90' lang='lat' dir='ltr'>loquio</span> <span class='ocrx_word' id='word_1_13' title='bbox 399 380 438 416; x_wconf 90' lang='lat' dir='ltr'><strong>et</strong></span> <span class='ocrx_word' id='word_1_14' title='bbox 476 376 710 426; x_wconf 88' lang='lat' dir='ltr'><strong>fabularum,</strong></span> <span class='ocrx_word' id='word_1_15' title='bbox 751 391 847 428; x_wconf 88' lang='lat' dir='ltr'><strong>quas</strong></span> <span class='ocrx_word' id='word_1_16' title='bbox 886 380 1075 418; x_wconf 84' lang='lat' dir='ltr'>Homerus</span> <span class='ocrx_word' id='word_1_17' title='bbox 1115 381 1153 417; x_wconf 91' lang='lat' dir='ltr'><strong>et</strong></span> <span class='ocrx_word' id='word_1_18' title='bbox 1186 379 1379 418; x_wconf 83' lang='lat' dir='ltr'>Hesiodus</span> <span class='ocrx_word' id='word_1_19' title='bbox 1420 379 1468 418; x_wconf 90' lang='lat' dir='ltr'><strong>de</strong></span> <span class='ocrx_word' id='word_1_20' title='bbox 1506 380 1587 418; x_wconf 89' lang='lat' dir='ltr'><strong>eius</strong></span> <span class='ocrx_word' id='word_1_21' title='bbox 1627 384 1713 418; x_wconf 89' lang='lat' dir='ltr'><strong>ortu</strong></span> 
     </span>
     <span class='ocr_line' id='line_1_4' title="bbox 227 445 1713 497; baseline 0.002 -14"><span class='ocrx_word' id='word_1_22' title='bbox 227 445 395 493; x_wconf 88' lang='lat' dir='ltr'><strong>variant,</strong></span> <span class='ocrx_word' id='word_1_23' title='bbox 440 445 756 495; x_wconf 81' lang='lat' dir='ltr'><strong>interpretatione</strong></span> <span class='ocrx_word' id='word_1_24' title='bbox 794 447 1020 494; x_wconf 89' lang='lat' dir='ltr'><strong>illustratur,</strong></span> <span class='ocrx_word' id='word_1_25' title='bbox 1065 445 1229 484; x_wconf 87' lang='lat' dir='ltr'><strong>eandem</strong></span> <span class='ocrx_word' id='word_1_26' title='bbox 1267 447 1455 485; x_wconf 89' lang='lat' dir='ltr'><strong>rationem</strong></span> <span class='ocrx_word' id='word_1_27' title='bbox 1494 448 1713 497; x_wconf 82' lang='lat' dir='ltr'>cognomini</span> 
     </span>
     <span class='ocr_line' id='line_1_5' title="bbox 226 503 1711 565; baseline 0.001 -12"><span class='ocrx_word' id='word_1_28' title='bbox 226 508 370 565; x_wconf 81' lang='grc' dir='ltr'><em>χωλός</em></span> <span class='ocrx_word' id='word_1_29' title='bbox 400 513 558 552; x_wconf 82' lang='lat' dir='ltr'><strong>subesse</strong></span> <span class='ocrx_word' id='word_1_30' title='bbox 588 503 804 564; x_wconf 82' lang='lat' dir='ltr'><strong>exponitur.</strong></span> <span class='ocrx_word' id='word_1_31' title='bbox 852 513 1004 553; x_wconf 84' lang='lat' dir='ltr'><strong>Deinde</strong></span> <span class='ocrx_word' id='word_1_32' title='bbox 1035 513 1083 552; x_wconf 85' lang='lat' dir='ltr'><strong>de</strong></span> <span class='ocrx_word' id='word_1_33' title='bbox 1109 513 1250 553; x_wconf 79' lang='lat' dir='ltr'><strong>fabulis</strong></span> <span class='ocrx_word' id='word_1_34' title='bbox 1270 514 1483 554; x_wconf 80' lang='lat' dir='ltr'><strong>Homericis</strong></span> <span class='ocrx_word' id='word_1_35' title='bbox 1503 515 1711 554; x_wconf 80' lang='lat' dir='ltr'><strong>disseritur.</strong></span> 
     </span>
     <span class='ocr_line' id='line_1_6' title="bbox 225 580 1711 632; baseline 0.001 -12"><span class='ocrx_word' id='word_1_36' title='bbox 225 581 289 620; x_wconf 90' lang='lat' dir='ltr'><strong>Ab</strong></span> <span class='ocrx_word' id='word_1_37' title='bbox 329 581 519 631; x_wconf 90' lang='lat' dir='ltr'><strong>allegoria</strong></span> <span class='ocrx_word' id='word_1_38' title='bbox 556 580 729 631; x_wconf 88' lang='lat' dir='ltr'><strong>fabulae,</strong></span> <span class='ocrx_word' id='word_1_39' title='bbox 771 593 848 632; x_wconf 88' lang='lat' dir='ltr'><strong>qua</strong></span> <span class='ocrx_word' id='word_1_40' title='bbox 877 582 1075 620; x_wconf 81' lang='lat' dir='ltr'><strong>Vulcanus</strong></span> <span class='ocrx_word' id='word_1_41' title='bbox 1111 582 1243 621; x_wconf 89' lang='lat' dir='ltr'><strong>Iovem</strong></span> <span class='ocrx_word' id='word_1_42' title='bbox 1282 582 1494 620; x_wconf 85' lang='lat' dir='ltr'><strong>Minervam</strong></span> <span class='ocrx_word' id='word_1_43' title='bbox 1533 582 1711 622; x_wconf 84' lang='lat' dir='ltr'><strong>edentem</strong></span> 
     </span>
     <span class='ocr_line' id='line_1_7' title="bbox 227 648 1710 702; baseline 0.003 -15"><span class='ocrx_word' id='word_1_44' title='bbox 227 648 421 687; x_wconf 87' lang='lat' dir='ltr'><strong>adiuvisse</strong></span> <span class='ocrx_word' id='word_1_45' title='bbox 459 652 648 702; x_wconf 81' lang='lat' dir='ltr'><strong>narratur,</strong></span> <span class='ocrx_word' id='word_1_46' title='bbox 687 650 808 689; x_wconf 90' lang='lat' dir='ltr'><strong>oratio</strong></span> <span class='ocrx_word' id='word_1_47' title='bbox 847 651 950 689; x_wconf 90' lang='lat' dir='ltr'><strong>ultro</strong></span> <span class='ocrx_word' id='word_1_48' title='bbox 988 649 1200 689; x_wconf 82' lang='lat' dir='ltr'><strong>traducitur</strong></span> <span class='ocrx_word' id='word_1_49' title='bbox 1238 650 1289 689; x_wconf 90' lang='lat' dir='ltr'><strong>ad</strong></span> <span class='ocrx_word' id='word_1_50' title='bbox 1327 651 1437 689; x_wconf 92' lang='lat' dir='ltr'><strong>illam</strong></span> <span class='ocrx_word' id='word_1_51' title='bbox 1477 650 1589 690; x_wconf 89' lang='lat' dir='ltr'><strong>deam</strong></span> <span class='ocrx_word' id='word_1_52' title='bbox 1623 663 1710 701; x_wconf 90' lang='lat' dir='ltr'><strong>per-</strong></span> 
     </span>
     <span class='ocr_line' id='line_1_8' title="bbox 227 715 1712 769; baseline 0.001 -12"><span class='ocrx_word' id='word_1_53' title='bbox 227 715 482 757; x_wconf 84' lang='lat' dir='ltr'><strong>tractandam.</strong></span> <span class='ocrx_word' id='word_1_54' title='bbox 541 717 637 757; x_wconf 89' lang='lat' dir='ltr'><strong>Ortu</strong></span> <span class='ocrx_word' id='word_1_55' title='bbox 667 718 749 756; x_wconf 89' lang='lat' dir='ltr'><strong>eius</strong></span> <span class='ocrx_word' id='word_1_56' title='bbox 779 716 900 756; x_wconf 86' lang='lat' dir='ltr'><strong>fusius</strong></span> <span class='ocrx_word' id='word_1_57' title='bbox 930 720 969 756; x_wconf 87' lang='lat' dir='ltr'><strong>et</strong></span> <span class='ocrx_word' id='word_1_58' title='bbox 999 718 1117 756; x_wconf 87' lang='lat' dir='ltr'><strong>variis</strong></span> <span class='ocrx_word' id='word_1_59' title='bbox 1145 718 1356 757; x_wconf 89' lang='lat' dir='ltr'><strong>rationibus</strong></span> <span class='ocrx_word' id='word_1_60' title='bbox 1387 719 1600 768; x_wconf 90' lang='lat' dir='ltr'><strong>explicato,</strong></span> <span class='ocrx_word' id='word_1_61' title='bbox 1635 731 1712 769; x_wconf 87' lang='lat' dir='ltr'><strong>qua</strong></span> 
     </span>
     <span class='ocr_line' id='line_1_9' title="bbox 226 784 1712 837; baseline 0.002 -14"><span class='ocrx_word' id='word_1_62' title='bbox 226 786 267 823; x_wconf 89' lang='lat' dir='ltr'><strong>in</strong></span> <span class='ocrx_word' id='word_1_63' title='bbox 304 797 347 824; x_wconf 92' lang='lat' dir='ltr'><strong>re</strong></span> <span class='ocrx_word' id='word_1_64' title='bbox 386 784 563 825; x_wconf 85' lang='lat' dir='ltr'><strong>diversae</strong></span> <span class='ocrx_word' id='word_1_65' title='bbox 602 787 842 825; x_wconf 87' lang='lat' dir='ltr'><strong>narrationes</strong></span> <span class='ocrx_word' id='word_1_66' title='bbox 880 785 984 835; x_wconf 87' lang='lat' dir='ltr'><strong>apud</strong></span> <span class='ocrx_word' id='word_1_67' title='bbox 1018 786 1229 825; x_wconf 87' lang='lat' dir='ltr'><strong>Hesiodum</strong></span> <span class='ocrx_word' id='word_1_68' title='bbox 1268 787 1406 825; x_wconf 86' lang='lat' dir='ltr'><strong>obviae</strong></span> <span class='ocrx_word' id='word_1_69' title='bbox 1445 788 1712 837; x_wconf 88' lang='lat' dir='ltr'><strong>respiciuntur,</strong></span> 
     </span>
     <span class='ocr_line' id='line_1_10' title="bbox 226 853 1711 904; baseline 0.001 -13"><span class='ocrx_word' id='word_1_70' title='bbox 226 853 479 902; x_wconf 88' lang='lat' dir='ltr'><strong>insequuntur</strong></span> <span class='ocrx_word' id='word_1_71' title='bbox 522 853 686 892; x_wconf 89' lang='lat' dir='ltr'><strong>nominis</strong></span> <span class='ocrx_word' id='word_1_72' title='bbox 731 854 931 902; x_wconf 89' lang='lat' dir='ltr'><strong>complura</strong></span> <span class='ocrx_word' id='word_1_73' title='bbox 970 853 1201 902; x_wconf 88' lang='lat' dir='ltr'><strong>veriloquia,</strong></span> <span class='ocrx_word' id='word_1_74' title='bbox 1245 853 1296 891; x_wconf 87' lang='lat' dir='ltr'><strong>ad</strong></span> <span class='ocrx_word' id='word_1_75' title='bbox 1335 866 1382 892; x_wconf 90' lang='lat' dir='ltr'><strong>ea</strong></span> <span class='ocrx_word' id='word_1_76' title='bbox 1418 855 1548 893; x_wconf 86' lang='lat' dir='ltr'><strong>variae</strong></span> <span class='ocrx_word' id='word_1_77' title='bbox 1589 856 1711 904; x_wconf 90' lang='lat' dir='ltr'><strong>expli-</strong></span> 
     </span>
     <span class='ocr_line' id='line_1_11' title="bbox 227 921 1711 972; baseline 0.001 -13"><span class='ocrx_word' id='word_1_78' title='bbox 227 921 397 959; x_wconf 84' lang='lat' dir='ltr'><strong>cationes</strong></span> <span class='ocrx_word' id='word_1_79' title='bbox 427 921 523 960; x_wconf 87' lang='lat' dir='ltr'><strong>deae</strong></span> <span class='ocrx_word' id='word_1_80' title='bbox 552 921 694 970; x_wconf 86' lang='lat' dir='ltr'><strong>speciei</strong></span> <span class='ocrx_word' id='word_1_81' title='bbox 724 924 763 959; x_wconf 91' lang='lat' dir='ltr'><strong>et</strong></span> <span class='ocrx_word' id='word_1_82' title='bbox 790 921 998 970; x_wconf 87' lang='lat' dir='ltr'><strong>insignium</strong></span> <span class='ocrx_word' id='word_1_83' title='bbox 1026 921 1293 971; x_wconf 84' lang='lat' dir='ltr'><strong>applicantur3</strong></span> <span class='ocrx_word' id='word_1_84' title='bbox 1333 924 1371 960; x_wconf 90' lang='lat' dir='ltr'><strong>et</strong></span> <span class='ocrx_word' id='word_1_85' title='bbox 1400 923 1544 971; x_wconf 88' lang='lat' dir='ltr'><strong>omnia,</strong></span> <span class='ocrx_word' id='word_1_86' title='bbox 1580 934 1711 972; x_wconf 88' lang='lat' dir='ltr'><strong>quam·</strong></span> 
     </span>
     <span class='ocr_line' id='line_1_12' title="bbox 227 988 1712 1037; baseline 0.001 -10"><span class='ocrx_word' id='word_1_87' title='bbox 227 1000 342 1037; x_wconf 91' lang='lat' dir='ltr'><strong>quam</strong></span> <span class='ocrx_word' id='word_1_88' title='bbox 376 989 484 1036; x_wconf 91' lang='lat' dir='ltr'><strong>laxe,</strong></span> <span class='ocrx_word' id='word_1_89' title='bbox 523 991 563 1026; x_wconf 92' lang='lat' dir='ltr'><strong>at</strong></span> <span class='ocrx_word' id='word_1_90' title='bbox 592 991 696 1027; x_wconf 89' lang='lat' dir='ltr'><strong>certe</strong></span> <span class='ocrx_word' id='word_1_91' title='bbox 726 988 936 1027; x_wconf 82' lang='lat' dir='ltr'><strong>cohaerent</strong></span> <span class='ocrx_word' id='word_1_92' title='bbox 964 989 1067 1026; x_wconf 90' lang='lat' dir='ltr'><strong>inter</strong></span> <span class='ocrx_word' id='word_1_93' title='bbox 1095 1000 1147 1027; x_wconf 90' lang='lat' dir='ltr'><strong>se.</strong></span> <span class='ocrx_word' id='word_1_94' title='bbox 1206 989 1359 1028; x_wconf 88' lang='lat' dir='ltr'><strong>Deinde</strong></span> <span class='ocrx_word' id='word_1_95' title='bbox 1389 989 1438 1028; x_wconf 90' lang='lat' dir='ltr'><strong>de</strong></span> <span class='ocrx_word' id='word_1_96' title='bbox 1467 989 1564 1028; x_wconf 81' lang='lat' dir='ltr'><strong>‘deae</strong></span> <span class='ocrx_word' id='word_1_97' title='bbox 1593 991 1712 1029; x_wconf 86' lang='lat' dir='ltr'><strong>sacris</strong></span> 
     </span>
     <span class='ocr_line' id='line_1_13' title="bbox 228 1056 1712 1106; baseline 0.001 -12"><span class='ocrx_word' id='word_1_98' title='bbox 228 1056 460 1095; x_wconf 86' lang='lat' dir='ltr'><strong>animalibus</strong></span> <span class='ocrx_word' id='word_1_99' title='bbox 503 1056 711 1095; x_wconf 86' lang='lat' dir='ltr'><strong>disseritur.</strong></span> <span class='ocrx_word' id='word_1_100' title='bbox 778 1069 816 1106; x_wconf 91' lang='lat' dir='ltr'><strong>p.</strong></span> <span class='ocrx_word' id='word_1_101' title='bbox 844 1057 908 1104; x_wconf 88' lang='grc'><strong>37,</strong></span> <span class='ocrx_word' id='word_1_102' title='bbox 931 1057 954 1094; x_wconf 88' lang='lat'>9</span> <span class='ocrx_word' id='word_1_103' title='bbox 996 1057 1267 1106; x_wconf 86' lang='lat' dir='ltr'><strong>cognominum</strong></span> <span class='ocrx_word' id='word_1_104' title='bbox 1306 1058 1573 1106; x_wconf 86' lang='lat' dir='ltr'><strong>interpretatio</strong></span> <span class='ocrx_word' id='word_1_105' title='bbox 1611 1058 1712 1096; x_wconf 86' lang='lat' dir='ltr'><strong>inse-</strong></span> 
     </span>
     <span class='ocr_line' id='line_1_14' title="bbox 228 1125 1713 1176; baseline 0.001 -13"><span class='ocrx_word' id='word_1_106' title='bbox 228 1125 367 1175; x_wconf 86' lang='lat' dir='ltr'><strong>quitur.</strong></span> <span class='ocrx_word' id='word_1_107' title='bbox 439 1125 540 1164; x_wconf 93' lang='lat' dir='ltr'><strong>Huic</strong></span> <span class='ocrx_word' id='word_1_108' title='bbox 586 1128 712 1163; x_wconf 87' lang='lat' dir='ltr'><strong>autem</strong></span> <span class='ocrx_word' id='word_1_109' title='bbox 766 1125 896 1163; x_wconf 91' lang='lat' dir='ltr'><strong>aliena</strong></span> <span class='ocrx_word' id='word_1_110' title='bbox 938 1125 1214 1164; x_wconf 87' lang='lat' dir='ltr'><strong>immiscentur:</strong></span> <span class='ocrx_word' id='word_1_111' title='bbox 1258 1138 1296 1175; x_wconf 93' lang='lat' dir='ltr'><strong>p.</strong></span> <span class='ocrx_word' id='word_1_112' title='bbox 1324 1126 1388 1173; x_wconf 70' lang='lat'><strong>38,</strong></span> <span class='ocrx_word' id='word_1_113' title='bbox 1411 1126 1436 1163; x_wconf 88' lang='grc'>5</span> <span class='ocrx_word' id='word_1_114' title='bbox 1482 1127 1582 1164; x_wconf 84' lang='lat' dir='ltr'><strong>enim</strong></span> <span class='ocrx_word' id='word_1_115' title='bbox 1626 1129 1713 1176; x_wconf 90' lang='lat' dir='ltr'><strong>post</strong></span> 
     </span>
     <span class='ocr_line' id='line_1_15' title="bbox 227 1188 1713 1242; baseline 0 -10"><span class='ocrx_word' id='word_1_116' title='bbox 227 1193 467 1242; x_wconf 84' lang='lat' dir='ltr'><strong>cognominis</strong></span> <span class='ocrx_word' id='word_1_117' title='bbox 507 1188 684 1239; x_wconf 79' lang='grc' dir='ltr'><em>Παλλάς</em></span> <span class='ocrx_word' id='word_1_118' title='bbox 725 1193 1043 1242; x_wconf 87' lang='lat' dir='ltr'><strong>explicationem,</strong></span> <span class='ocrx_word' id='word_1_119' title='bbox 1089 1204 1157 1231; x_wconf 91' lang='lat' dir='ltr'><strong>cur</strong></span> <span class='ocrx_word' id='word_1_120' title='bbox 1201 1192 1375 1231; x_wconf 88' lang='lat' dir='ltr'><strong>homines</strong></span> <span class='ocrx_word' id='word_1_121' title='bbox 1413 1194 1627 1232; x_wconf 83' lang='lat' dir='ltr'><strong>Minervam</strong></span> <span class='ocrx_word' id='word_1_122' title='bbox 1672 1195 1713 1232; x_wconf 91' lang='lat' dir='ltr'><strong>in</strong></span> 
     </span>
     <span class='ocr_line' id='line_1_16' title="bbox 228 1260 1713 1310; baseline 0.001 -12"><span class='ocrx_word' id='word_1_123' title='bbox 228 1260 379 1299; x_wconf 88' lang='lat' dir='ltr'><strong>arcibus</strong></span> <span class='ocrx_word' id='word_1_124' title='bbox 409 1261 558 1308; x_wconf 87' lang='lat' dir='ltr'><strong>colant,</strong></span> <span class='ocrx_word' id='word_1_125' title='bbox 594 1260 816 1310; x_wconf 88' lang='lat' dir='ltr'><strong>exponitur;</strong></span> <span class='ocrx_word' id='word_1_126' title='bbox 845 1272 881 1310; x_wconf 91' lang='lat' dir='ltr'><strong>p.</strong></span> <span class='ocrx_word' id='word_1_127' title='bbox 905 1260 1037 1309; x_wconf 84' lang='grc'>36,16</span> <span class='ocrx_word' id='word_1_128' title='bbox 1070 1262 1197 1299; x_wconf 89' lang='lat' dir='ltr'><strong>autem</strong></span> <span class='ocrx_word' id='word_1_129' title='bbox 1228 1260 1324 1299; x_wconf 88' lang='lat' dir='ltr'><strong>deae</strong></span> <span class='ocrx_word' id='word_1_130' title='bbox 1353 1261 1513 1299; x_wconf 87' lang='lat' dir='ltr'><strong>inventa</strong></span> <span class='ocrx_word' id='word_1_131' title='bbox 1542 1263 1580 1299; x_wconf 90' lang='lat' dir='ltr'><strong>et</strong></span> <span class='ocrx_word' id='word_1_132' title='bbox 1610 1261 1713 1300; x_wconf 82' lang='lat' dir='ltr'><strong>dona</strong></span> 
     </span>
     <span class='ocr_line' id='line_1_17' title="bbox 227 1327 1711 1378; baseline 0.001 -12"><span class='ocrx_word' id='word_1_133' title='bbox 227 1331 451 1367; x_wconf 88' lang='lat' dir='ltr'><strong>tractantur.</strong></span> <span class='ocrx_word' id='word_1_134' title='bbox 463 1329 491 1378; x_wconf 88' lang='lat'><strong>¹)</strong></span> <span class='ocrx_word' id='word_1_135' title='bbox 539 1329 689 1366; x_wconf 86' lang='lat' dir='ltr'><strong>Finitur</strong></span> <span class='ocrx_word' id='word_1_136' title='bbox 719 1328 927 1378; x_wconf 86' lang='lat' dir='ltr'><strong>disputatio</strong></span> <span class='ocrx_word' id='word_1_137' title='bbox 957 1327 1042 1366; x_wconf 87' lang='lat' dir='ltr'><strong>fusa</strong></span> <span class='ocrx_word' id='word_1_138' title='bbox 1072 1329 1267 1378; x_wconf 87' lang='lat' dir='ltr'><strong>allegoria</strong></span> <span class='ocrx_word' id='word_1_139' title='bbox 1286 1328 1484 1367; x_wconf 84' lang='lat' dir='ltr'><strong>Minervae</strong></span> <span class='ocrx_word' id='word_1_140' title='bbox 1505 1328 1711 1378; x_wconf 81' lang='lat' dir='ltr'><strong>Gigantum</strong></span> 
     </span>
     <span class='ocr_line' id='line_1_18' title="bbox 228 1395 1712 1446; baseline 0.002 -13"><span class='ocrx_word' id='word_1_141' title='bbox 228 1396 408 1435; x_wconf 88' lang='lat' dir='ltr'><strong>victricis.</strong></span> <span class='ocrx_word' id='word_1_142' title='bbox 466 1397 628 1434; x_wconf 87' lang='lat' dir='ltr'><strong>Praeter</strong></span> <span class='ocrx_word' id='word_1_143' title='bbox 655 1396 727 1434; x_wconf 92' lang='lat' dir='ltr'><strong>hos</strong></span> <span class='ocrx_word' id='word_1_144' title='bbox 766 1397 891 1443; x_wconf 89' lang='lat' dir='ltr'><strong>locos,</strong></span> <span class='ocrx_word' id='word_1_145' title='bbox 932 1407 1027 1444; x_wconf 92' lang='lat' dir='ltr'><strong>quos</strong></span> <span class='ocrx_word' id='word_1_146' title='bbox 1063 1395 1177 1435; x_wconf 89' lang='lat' dir='ltr'><strong>modo</strong></span> <span class='ocrx_word' id='word_1_147' title='bbox 1205 1396 1393 1445; x_wconf 86' lang='lat' dir='ltr'><strong>indicavi,</strong></span> <span class='ocrx_word' id='word_1_148' title='bbox 1432 1396 1544 1435; x_wconf 90' lang='lat' dir='ltr'><strong>huius</strong></span> <span class='ocrx_word' id='word_1_149' title='bbox 1574 1398 1712 1446; x_wconf 89' lang='lat' dir='ltr'><strong>capitis</strong></span> 
     </span>
     <span class='ocr_line' id='line_1_19' title="bbox 227 1462 1711 1514; baseline 0 -12"><span class='ocrx_word' id='word_1_150' title='bbox 227 1463 412 1502; x_wconf 87' lang='lat' dir='ltr'><strong>decursus</strong></span> <span class='ocrx_word' id='word_1_151' title='bbox 440 1463 540 1502; x_wconf 89' lang='lat' dir='ltr'><strong>nihil</strong></span> <span class='ocrx_word' id='word_1_152' title='bbox 568 1463 695 1511; x_wconf 87' lang='lat' dir='ltr'><strong>habet,</strong></span> <span class='ocrx_word' id='word_1_153' title='bbox 725 1462 829 1512; x_wconf 91' lang='lat' dir='ltr'><strong>quod</strong></span> <span class='ocrx_word' id='word_1_154' title='bbox 857 1463 1158 1513; x_wconf 85' lang='lat' dir='ltr'><strong>reprehensione</strong></span> <span class='ocrx_word' id='word_1_155' title='bbox 1187 1462 1346 1513; x_wconf 88' lang='lat' dir='ltr'><strong>dignum</strong></span> <span class='ocrx_word' id='word_1_156' title='bbox 1375 1464 1443 1511; x_wconf 87' lang='lat' dir='ltr'><strong>sit;</strong></span> <span class='ocrx_word' id='word_1_157' title='bbox 1472 1476 1599 1514; x_wconf 88' lang='lat' dir='ltr'><strong>neque</strong></span> <span class='ocrx_word' id='word_1_158' title='bbox 1628 1465 1711 1503; x_wconf 92' lang='lat' dir='ltr'><strong>ullo</strong></span> 
     </span>
     <span class='ocr_line' id='line_1_20' title="bbox 228 1530 1713 1581; baseline 0.001 -12"><span class='ocrx_word' id='word_1_159' title='bbox 228 1530 341 1570; x_wconf 92' lang='lat' dir='ltr'><strong>modo</strong></span> <span class='ocrx_word' id='word_1_160' title='bbox 381 1530 432 1569; x_wconf 90' lang='lat' dir='ltr'><strong>ad</strong></span> <span class='ocrx_word' id='word_1_161' title='bbox 470 1530 768 1581; x_wconf 87' lang='lat' dir='ltr'><strong>expediendum,</strong></span> <span class='ocrx_word' id='word_1_162' title='bbox 808 1530 913 1580; x_wconf 88' lang='lat' dir='ltr'><strong>quod</strong></span> <span class='ocrx_word' id='word_1_163' title='bbox 953 1531 1158 1569; x_wconf 87' lang='lat' dir='ltr'><strong>continuae</strong></span> <span class='ocrx_word' id='word_1_164' title='bbox 1188 1531 1458 1580; x_wconf 91' lang='lat' dir='ltr'><strong>cognominum</strong></span> <span class='ocrx_word' id='word_1_165' title='bbox 1487 1532 1713 1570; x_wconf 88' lang='lat' dir='ltr'><strong>collectioni</strong></span> 
     </span>
     <span class='ocr_line' id='line_1_21' title="bbox 228 1598 1712 1649; baseline 0.001 -12"><span class='ocrx_word' id='word_1_166' title='bbox 228 1600 308 1637; x_wconf 89' lang='lat' dir='ltr'><strong>alia</strong></span> <span class='ocrx_word' id='word_1_167' title='bbox 356 1599 587 1646; x_wconf 88' lang='lat' dir='ltr'><strong>inseruntur,</strong></span> <span class='ocrx_word' id='word_1_168' title='bbox 630 1599 836 1649; x_wconf 89' lang='lat' dir='ltr'><strong>quicquam</strong></span> <span class='ocrx_word' id='word_1_169' title='bbox 883 1598 974 1637; x_wconf 88' lang='lat' dir='ltr'><strong>inde</strong></span> <span class='ocrx_word' id='word_1_170' title='bbox 1017 1599 1222 1646; x_wconf 87' lang='lat' dir='ltr'><strong>lucramur,</strong></span> <span class='ocrx_word' id='word_1_171' title='bbox 1271 1598 1375 1647; x_wconf 88' lang='lat' dir='ltr'><strong>quod</strong></span> <span class='ocrx_word' id='word_1_172' title='bbox 1419 1599 1712 1649; x_wconf 83' lang='lat' dir='ltr'><strong>epitomatorem</strong></span> 
     </span>
     <span class='ocr_line' id='line_1_22' title="bbox 229 1666 1547 1717; baseline -0.002 -11"><span class='ocrx_word' id='word_1_173' title='bbox 229 1666 424 1717; x_wconf 85' lang='lat' dir='ltr'><strong>quendam</strong></span> <span class='ocrx_word' id='word_1_174' title='bbox 453 1666 620 1717; x_wconf 90' lang='lat' dir='ltr'><strong>amplius</strong></span> <span class='ocrx_word' id='word_1_175' title='bbox 649 1677 746 1717; x_wconf 90' lang='lat' dir='ltr'><strong>opus</strong></span> <span class='ocrx_word' id='word_1_176' title='bbox 774 1666 1030 1717; x_wconf 84' lang='lat' dir='ltr'><strong>neglegenter</strong></span> <span class='ocrx_word' id='word_1_177' title='bbox 1058 1666 1305 1716; x_wconf 86' lang='lat' dir='ltr'><strong>exscripsisse</strong></span> <span class='ocrx_word' id='word_1_178' title='bbox 1334 1666 1547 1704; x_wconf 88' lang='lat' dir='ltr'><strong>statuimus.</strong></span> 
     </span>
    </p>

    <p class='ocr_par' dir='ltr' id='par_1_3' title="bbox 227 1734 1713 2317">
     <span class='ocr_line' id='line_1_23' title="bbox 342 1734 1712 1785; baseline -0.001 -10"><span class='ocrx_word' id='word_1_179' title='bbox 342 1735 533 1776; x_wconf 84' lang='lat' dir='ltr'><strong>Cohaeret</strong></span> <span class='ocrx_word' id='word_1_180' title='bbox 570 1735 645 1774; x_wconf 89' lang='lat' dir='ltr'><strong>hac</strong></span> <span class='ocrx_word' id='word_1_181' title='bbox 685 1747 772 1774; x_wconf 94' lang='lat' dir='ltr'><strong>cum</strong></span> <span class='ocrx_word' id='word_1_182' title='bbox 809 1734 1067 1784; x_wconf 85' lang='lat' dir='ltr'><strong>disputatione</strong></span> <span class='ocrx_word' id='word_1_183' title='bbox 1106 1736 1223 1785; x_wconf 90' lang='lat' dir='ltr'><strong>caput</strong></span> <span class='ocrx_word' id='word_1_184' title='bbox 1258 1735 1482 1784; x_wconf 88' lang='lat' dir='ltr'><strong>insequens,</strong></span> <span class='ocrx_word' id='word_1_185' title='bbox 1523 1734 1627 1784; x_wconf 83' lang='lat' dir='ltr'><strong>quod</strong></span> <span class='ocrx_word' id='word_1_186' title='bbox 1663 1735 1712 1774; x_wconf 85' lang='lat' dir='ltr'><strong>de</strong></span> 
     </span>
     <span class='ocr_line' id='line_1_24' title="bbox 228 1802 1713 1851; baseline -0.001 -8"><span class='ocrx_word' id='word_1_187' title='bbox 228 1804 351 1843; x_wconf 88' lang='lat' dir='ltr'><strong>Marte</strong></span> <span class='ocrx_word' id='word_1_188' title='bbox 390 1805 429 1843; x_wconf 90' lang='lat' dir='ltr'><strong>et</strong></span> <span class='ocrx_word' id='word_1_189' title='bbox 461 1804 629 1842; x_wconf 88' lang='lat' dir='ltr'><strong>Bellona</strong></span> <span class='ocrx_word' id='word_1_190' title='bbox 667 1805 741 1851; x_wconf 88' lang='lat' dir='ltr'><strong>est,</strong></span> <span class='ocrx_word' id='word_1_191' title='bbox 779 1803 826 1841; x_wconf 92' lang='lat' dir='ltr'><strong>iis</strong></span> <span class='ocrx_word' id='word_1_192' title='bbox 865 1803 962 1842; x_wconf 89' lang='lat' dir='ltr'><strong>belli</strong></span> <span class='ocrx_word' id='word_1_193' title='bbox 999 1802 1233 1850; x_wconf 88' lang='lat' dir='ltr'><strong>numinibus,</strong></span> <span class='ocrx_word' id='word_1_194' title='bbox 1274 1802 1411 1851; x_wconf 90' lang='lat' dir='ltr'><strong>quibus</strong></span> <span class='ocrx_word' id='word_1_195' title='bbox 1449 1803 1507 1841; x_wconf 87' lang='lat' dir='ltr'><strong>vis</strong></span> <span class='ocrx_word' id='word_1_196' title='bbox 1536 1803 1713 1842; x_wconf 85' lang='lat' dir='ltr'><strong>Minerva</strong></span> 
     </span>
     <span class='ocr_line' id='line_1_25' title="bbox 227 1869 1713 1920; baseline -0.001 -10"><span class='ocrx_word' id='word_1_197' title='bbox 227 1872 485 1910; x_wconf 87' lang='lat' dir='ltr'><strong>turbulentior</strong></span> <span class='ocrx_word' id='word_1_198' title='bbox 512 1871 700 1909; x_wconf 86' lang='lat' dir='ltr'><strong>tribuitur.</strong></span> <span class='ocrx_word' id='word_1_199' title='bbox 750 1869 856 1916; x_wconf 83' lang='lat' dir='ltr'><strong>Quae</strong></span> <span class='ocrx_word' id='word_1_200' title='bbox 885 1871 1020 1920; x_wconf 88' lang='lat' dir='ltr'><strong>paucis</strong></span> <span class='ocrx_word' id='word_1_201' title='bbox 1048 1871 1368 1919; x_wconf 89' lang='lat' dir='ltr'><strong>perstringuntur.</strong></span> <span class='ocrx_word' id='word_1_202' title='bbox 1416 1871 1586 1909; x_wconf 91' lang='lat' dir='ltr'><strong>Primum</strong></span> <span class='ocrx_word' id='word_1_203' title='bbox 1614 1870 1713 1909; x_wconf 89' lang='lat' dir='ltr'><strong>haec</strong></span> 
     </span>
     <span class='ocr_line' id='line_1_26' title="bbox 229 1936 1713 1988; baseline -0.001 -9"><span class='ocrx_word' id='word_1_204' title='bbox 229 1951 382 1988; x_wconf 89' lang='lat' dir='ltr'><strong>quoque</strong></span> <span class='ocrx_word' id='word_1_205' title='bbox 419 1939 577 1978; x_wconf 90' lang='lat' dir='ltr'><strong>numina</strong></span> <span class='ocrx_word' id='word_1_206' title='bbox 615 1951 639 1976; x_wconf 88' lang='lat' dir='ltr'><strong>a</strong></span> <span class='ocrx_word' id='word_1_207' title='bbox 672 1939 765 1977; x_wconf 90' lang='lat' dir='ltr'><strong>Iove</strong></span> <span class='ocrx_word' id='word_1_208' title='bbox 799 1940 1003 1988; x_wconf 90' lang='lat' dir='ltr'><strong>procreata</strong></span> <span class='ocrx_word' id='word_1_209' title='bbox 1031 1949 1111 1976; x_wconf 92' lang='lat' dir='ltr'><strong>non</strong></span> <span class='ocrx_word' id='word_1_210' title='bbox 1139 1937 1294 1976; x_wconf 90' lang='lat' dir='ltr'><strong>inutilia</strong></span> <span class='ocrx_word' id='word_1_211' title='bbox 1322 1948 1407 1976; x_wconf 90' lang='lat' dir='ltr'><strong>esse</strong></span> <span class='ocrx_word' id='word_1_212' title='bbox 1437 1937 1488 1976; x_wconf 88' lang='lat' dir='ltr'><strong>ad</strong></span> <span class='ocrx_word' id='word_1_213' title='bbox 1517 1936 1713 1977; x_wconf 87' lang='lat' dir='ltr'><strong>hominum</strong></span> 
     </span>
     <span class='ocr_line' id='line_1_27' title="bbox 229 2005 1713 2055; baseline -0.001 -10"><span class='ocrx_word' id='word_1_214' title='bbox 229 2008 395 2045; x_wconf 88' lang='lat' dir='ltr'><strong>salutem</strong></span> <span class='ocrx_word' id='word_1_215' title='bbox 432 2006 552 2045; x_wconf 88' lang='lat' dir='ltr'><strong>fusius</strong></span> <span class='ocrx_word' id='word_1_216' title='bbox 592 2007 834 2055; x_wconf 88' lang='lat' dir='ltr'><strong>explanatur,</strong></span> <span class='ocrx_word' id='word_1_217' title='bbox 873 2005 1014 2043; x_wconf 88' lang='lat' dir='ltr'><strong>deinde</strong></span> <span class='ocrx_word' id='word_1_218' title='bbox 1053 2007 1257 2054; x_wconf 89' lang='lat' dir='ltr'><strong>postquam</strong></span> <span class='ocrx_word' id='word_1_219' title='bbox 1292 2005 1340 2043; x_wconf 88' lang='lat' dir='ltr'><strong>de</strong></span> <span class='ocrx_word' id='word_1_220' title='bbox 1378 2006 1546 2043; x_wconf 86' lang='lat' dir='ltr'><strong>Bellona</strong></span> <span class='ocrx_word' id='word_1_221' title='bbox 1585 2008 1713 2043; x_wconf 88' lang='lat' dir='ltr'><strong>actum</strong></span> 
     </span>
     <span class='ocr_line' id='line_1_28' title="bbox 230 2071 1713 2127; baseline -0.001 -14"><span class='ocrx_word' id='word_1_222' title='bbox 230 2077 302 2127; x_wconf 84' lang='lat' dir='ltr'><strong>est,</strong></span> <span class='ocrx_word' id='word_1_223' title='bbox 342 2086 441 2124; x_wconf 89' lang='lat' dir='ltr'><strong>quae</strong></span> <span class='ocrx_word' id='word_1_224' title='bbox 481 2085 567 2113; x_wconf 89' lang='lat' dir='ltr'><strong>cum</strong></span> <span class='ocrx_word' id='word_1_225' title='bbox 596 2074 718 2112; x_wconf 87' lang='lat' dir='ltr'><strong>Marte</strong></span> <span class='ocrx_word' id='word_1_226' title='bbox 749 2073 988 2123; x_wconf 84' lang='lat' dir='ltr'><strong>cognationis</strong></span> <span class='ocrx_word' id='word_1_227' title='bbox 1016 2071 1304 2112; x_wconf 89' lang='lat' dir='ltr'><strong>necessitudine</strong></span> <span class='ocrx_word' id='word_1_228' title='bbox 1334 2072 1517 2122; x_wconf 88' lang='lat' dir='ltr'><strong>quadam,</strong></span> <span class='ocrx_word' id='word_1_229' title='bbox 1557 2072 1605 2112; x_wconf 87' lang='lat' dir='ltr'><strong>de</strong></span> <span class='ocrx_word' id='word_1_230' title='bbox 1635 2084 1713 2122; x_wconf 86' lang='lat' dir='ltr'><strong>qua</strong></span> 
     </span>
     <span class='ocr_line' id='line_1_29' title="bbox 229 2141 1713 2191; baseline -0.002 -10"><span class='ocrx_word' id='word_1_231' title='bbox 229 2144 329 2181; x_wconf 87' lang='lat' dir='ltr'><strong>inter</strong></span> <span class='ocrx_word' id='word_1_232' title='bbox 357 2141 658 2191; x_wconf 87' lang='lat' dir='ltr'><strong>mythographos</strong></span> <span class='ocrx_word' id='word_1_233' title='bbox 687 2152 765 2178; x_wconf 90' lang='lat' dir='ltr'><strong>non</strong></span> <span class='ocrx_word' id='word_1_234' title='bbox 795 2143 999 2188; x_wconf 87' lang='lat' dir='ltr'><strong>constaret,</strong></span> <span class='ocrx_word' id='word_1_235' title='bbox 1030 2141 1237 2179; x_wconf 88' lang='lat' dir='ltr'><strong>coniuncta</strong></span> <span class='ocrx_word' id='word_1_236' title='bbox 1267 2144 1379 2187; x_wconf 87' lang='lat' dir='ltr'><strong>esset,</strong></span> <span class='ocrx_word' id='word_1_237' title='bbox 1409 2141 1543 2178; x_wconf 84' lang='lat' dir='ltr'><strong>Martis</strong></span> <span class='ocrx_word' id='word_1_238' title='bbox 1571 2152 1713 2178; x_wconf 89' lang='lat' dir='ltr'><strong>nomen</strong></span> 
     </span>
     <span class='ocr_line' id='line_1_30' title="bbox 229 2207 1713 2259; baseline -0.002 -10"><span class='ocrx_word' id='word_1_239' title='bbox 229 2213 268 2249; x_wconf 90' lang='lat' dir='ltr'><strong>et</strong></span> <span class='ocrx_word' id='word_1_240' title='bbox 295 2211 488 2249; x_wconf 89' lang='lat' dir='ltr'><strong>nonnulla</strong></span> <span class='ocrx_word' id='word_1_241' title='bbox 517 2209 746 2259; x_wconf 82' lang='lat' dir='ltr'><strong>cognomina</strong></span> <span class='ocrx_word' id='word_1_242' title='bbox 775 2209 1036 2258; x_wconf 82' lang='lat' dir='ltr'><strong>explicantur3</strong></span> <span class='ocrx_word' id='word_1_243' title='bbox 1065 2220 1151 2248; x_wconf 92' lang='lat' dir='ltr'><strong>cum</strong></span> <span class='ocrx_word' id='word_1_244' title='bbox 1180 2207 1241 2247; x_wconf 89' lang='lat' dir='ltr'><strong>his</strong></span> <span class='ocrx_word' id='word_1_245' title='bbox 1261 2210 1344 2247; x_wconf 88' lang='lat' dir='ltr'><strong>arte</strong></span> <span class='ocrx_word' id='word_1_246' title='bbox 1364 2207 1584 2256; x_wconf 85' lang='lat' dir='ltr'><strong>cohaerent,</strong></span> <span class='ocrx_word' id='word_1_247' title='bbox 1613 2219 1713 2257; x_wconf 89' lang='lat' dir='ltr'><strong>quae</strong></span> 
     </span>
     <span class='ocr_line' id='line_1_31' title="bbox 229 2275 1184 2317; baseline -0.002 -1"><span class='ocrx_word' id='word_1_248' title='bbox 229 2277 278 2316; x_wconf 86' lang='lat' dir='ltr'><strong>de</strong></span> <span class='ocrx_word' id='word_1_249' title='bbox 309 2276 372 2317; x_wconf 91' lang='lat' dir='ltr'><strong>dei</strong></span> <span class='ocrx_word' id='word_1_250' title='bbox 401 2278 509 2316; x_wconf 91' lang='lat' dir='ltr'><strong>cultu</strong></span> <span class='ocrx_word' id='word_1_251' title='bbox 537 2279 576 2317; x_wconf 89' lang='lat' dir='ltr'><strong>et</strong></span> <span class='ocrx_word' id='word_1_252' title='bbox 603 2277 723 2316; x_wconf 88' lang='lat' dir='ltr'><strong>sacris</strong></span> <span class='ocrx_word' id='word_1_253' title='bbox 752 2276 822 2315; x_wconf 89' lang='lat' dir='ltr'><strong>sub</strong></span> <span class='ocrx_word' id='word_1_254' title='bbox 851 2275 965 2315; x_wconf 91' lang='lat' dir='ltr'><strong>finem</strong></span> <span class='ocrx_word' id='word_1_255' title='bbox 995 2275 1184 2315; x_wconf 87' lang='lat' dir='ltr'><strong>dicuntur.</strong></span> 
     </span>
    </p>

    <p class='ocr_par' dir='ltr' id='par_1_4' title="bbox 229 2344 1713 2736">
     <span class='ocr_line' id='line_1_32' title="bbox 341 2344 1713 2394; baseline -0.003 -10"><span class='ocrx_word' id='word_1_256' title='bbox 341 2346 405 2384; x_wconf 91' lang='lat' dir='ltr'><strong>Ab</strong></span> <span class='ocrx_word' id='word_1_257' title='bbox 445 2346 694 2384; x_wconf 89' lang='lat' dir='ltr'><strong>adlocutione</strong></span> <span class='ocrx_word' id='word_1_258' title='bbox 730 2345 840 2394; x_wconf 89' lang='lat' dir='ltr'><strong>pueri</strong></span> <span class='ocrx_word' id='word_1_259' title='bbox 879 2356 982 2382; x_wconf 89' lang='lat' dir='ltr'><strong>nova</strong></span> <span class='ocrx_word' id='word_1_260' title='bbox 1009 2345 1138 2382; x_wconf 91' lang='lat' dir='ltr'><strong>libelli</strong></span> <span class='ocrx_word' id='word_1_261' title='bbox 1166 2355 1257 2393; x_wconf 86' lang='lat' dir='ltr'><strong>pars</strong></span> <span class='ocrx_word' id='word_1_262' title='bbox 1287 2344 1441 2393; x_wconf 88' lang='lat' dir='ltr'><strong>incipit,</strong></span> <span class='ocrx_word' id='word_1_263' title='bbox 1481 2355 1558 2392; x_wconf 90' lang='lat' dir='ltr'><strong>qua</strong></span> <span class='ocrx_word' id='word_1_264' title='bbox 1587 2344 1713 2392; x_wconf 88' lang='lat' dir='ltr'><strong>agitur</strong></span> 
     </span>
     <span class='ocr_line' id='line_1_33' title="bbox 230 2409 1713 2463; baseline -0.003 -11"><span class='ocrx_word' id='word_1_265' title='bbox 230 2412 278 2452; x_wconf 84' lang='lat' dir='ltr'><strong>dc</strong></span> <span class='ocrx_word' id='word_1_266' title='bbox 320 2413 502 2463; x_wconf 88' lang='lat' dir='ltr'><strong>Neptuno</strong></span> <span class='ocrx_word' id='word_1_267' title='bbox 546 2412 706 2451; x_wconf 89' lang='lat' dir='ltr'><strong>Tritone</strong></span> <span class='ocrx_word' id='word_1_268' title='bbox 750 2411 1001 2461; x_wconf 88' lang='lat' dir='ltr'><strong>Amphitrita,</strong></span> <span class='ocrx_word' id='word_1_269' title='bbox 1056 2411 1192 2460; x_wconf 85' lang='lat' dir='ltr'><strong>quibus</strong></span> <span class='ocrx_word' id='word_1_270' title='bbox 1241 2409 1432 2449; x_wconf 87' lang='lat' dir='ltr'><strong>accedunt</strong></span> <span class='ocrx_word' id='word_1_271' title='bbox 1480 2411 1630 2449; x_wconf 89' lang='lat' dir='ltr'><strong>Nereus</strong></span> <span class='ocrx_word' id='word_1_272' title='bbox 1675 2413 1713 2448; x_wconf 90' lang='lat' dir='ltr'><strong>et</strong></span> 
     </span>
     <span class='ocr_line' id='line_1_34' title="bbox 229 2479 1713 2530; baseline -0.003 -11"><span class='ocrx_word' id='word_1_273' title='bbox 229 2480 468 2530; x_wconf 88' lang='lat' dir='ltr'><strong>Leucothea,</strong></span> <span class='ocrx_word' id='word_1_274' title='bbox 506 2480 554 2520; x_wconf 87' lang='lat' dir='ltr'><strong>de</strong></span> <span class='ocrx_word' id='word_1_275' title='bbox 574 2481 726 2520; x_wconf 87' lang='lat' dir='ltr'><strong>Venere</strong></span> <span class='ocrx_word' id='word_1_276' title='bbox 755 2491 776 2518; x_wconf 95' lang='lat' dir='ltr'><strong>e</strong></span> <span class='ocrx_word' id='word_1_277' title='bbox 806 2480 903 2518; x_wconf 87' lang='lat' dir='ltr'><strong>mari</strong></span> <span class='ocrx_word' id='word_1_278' title='bbox 932 2479 1104 2518; x_wconf 87' lang='lat' dir='ltr'><strong>oriunda.</strong></span> <span class='ocrx_word' id='word_1_279' title='bbox 1161 2480 1208 2517; x_wconf 89' lang='lat' dir='ltr'><strong>In</strong></span> <span class='ocrx_word' id='word_1_280' title='bbox 1237 2479 1373 2528; x_wconf 87' lang='lat' dir='ltr'><strong>capitis</strong></span> <span class='ocrx_word' id='word_1_281' title='bbox 1403 2479 1511 2517; x_wconf 88' lang='lat' dir='ltr'><strong>initio</strong></span> <span class='ocrx_word' id='word_1_282' title='bbox 1541 2479 1713 2528; x_wconf 85' lang='lat' dir='ltr'><strong>Neptuni</strong></span> 
     </span>
     <span class='ocr_line' id='line_1_35' title="bbox 230 2546 1713 2598; baseline -0.003 -11"><span class='ocrx_word' id='word_1_283' title='bbox 230 2549 306 2596; x_wconf 91' lang='lat' dir='ltr'><strong>vis,</strong></span> <span class='ocrx_word' id='word_1_284' title='bbox 336 2548 384 2587; x_wconf 88' lang='lat' dir='ltr'><strong>de</strong></span> <span class='ocrx_word' id='word_1_285' title='bbox 415 2561 493 2598; x_wconf 85' lang='lat' dir='ltr'><strong>qua</strong></span> <span class='ocrx_word' id='word_1_286' title='bbox 520 2561 559 2598; x_wconf 84' lang='lat' dir='ltr'><strong>p.</strong></span> <span class='ocrx_word' id='word_1_287' title='bbox 578 2549 604 2587; x_wconf 90' lang='lat'>4</span> <span class='ocrx_word' id='word_1_288' title='bbox 634 2548 868 2598; x_wconf 87' lang='lat' dir='ltr'><strong>disputatum</strong></span> <span class='ocrx_word' id='word_1_289' title='bbox 898 2550 997 2595; x_wconf 84' lang='lat' dir='ltr'><strong>erat,</strong></span> <span class='ocrx_word' id='word_1_290' title='bbox 1026 2548 1244 2597; x_wconf 88' lang='lat' dir='ltr'><strong>respicitur;</strong></span> <span class='ocrx_word' id='word_1_291' title='bbox 1285 2558 1384 2596; x_wconf 90' lang='lat' dir='ltr'><strong>quae</strong></span> <span class='ocrx_word' id='word_1_292' title='bbox 1414 2546 1488 2585; x_wconf 90' lang='lat' dir='ltr'><strong>hoc</strong></span> <span class='ocrx_word' id='word_1_293' title='bbox 1517 2547 1556 2584; x_wconf 93' lang='lat' dir='ltr'><strong>in</strong></span> <span class='ocrx_word' id='word_1_294' title='bbox 1587 2547 1713 2595; x_wconf 85' lang='lat' dir='ltr'><strong>capite</strong></span> 
     </span>
     <span class='ocr_line' id='line_1_36' title="bbox 230 2614 1713 2666; baseline -0.003 -12"><span class='ocrx_word' id='word_1_295' title='bbox 230 2616 404 2666; x_wconf 89' lang='lat' dir='ltr'><strong>pluribus</strong></span> <span class='ocrx_word' id='word_1_296' title='bbox 434 2617 651 2666; x_wconf 90' lang='lat' dir='ltr'><strong>exponitur.</strong></span> <span class='ocrx_word' id='word_1_297' title='bbox 709 2615 978 2664; x_wconf 87' lang='lat' dir='ltr'><strong>Congeruntur</strong></span> <span class='ocrx_word' id='word_1_298' title='bbox 1006 2614 1071 2653; x_wconf 92' lang='lat' dir='ltr'><strong>dei</strong></span> <span class='ocrx_word' id='word_1_299' title='bbox 1099 2615 1347 2664; x_wconf 89' lang='lat' dir='ltr'><strong>cognomina,</strong></span> <span class='ocrx_word' id='word_1_300' title='bbox 1386 2626 1545 2663; x_wconf 89' lang='lat' dir='ltr'><strong>quorum</strong></span> <span class='ocrx_word' id='word_1_301' title='bbox 1575 2624 1713 2662; x_wconf 84' lang='lat' dir='ltr'><strong>agmen</strong></span> 
     </span>
     <span class='ocr_line' id='line_1_37' title="bbox 231 2679 1713 2736; baseline -0.003 -14"><span class='ocrx_word' id='word_1_302' title='bbox 231 2684 337 2723; x_wconf 90' lang='lat' dir='ltr'><strong>ducit</strong></span> <span class='ocrx_word' id='word_1_303' title='bbox 365 2682 564 2733; x_wconf 85' lang='lat' dir='ltr'><strong>epitheton</strong></span> <span class='ocrx_word' id='word_1_304' title='bbox 592 2679 852 2736; x_wconf 81' lang='grc' dir='ltr'><em>φυτάλμιος,</em></span> <span class='ocrx_word' id='word_1_305' title='bbox 882 2695 904 2721; x_wconf 90' lang='lat' dir='ltr'><strong>e</strong></span> <span class='ocrx_word' id='word_1_306' title='bbox 933 2694 1009 2732; x_wconf 89' lang='lat' dir='ltr'><strong>quo</strong></span> <span class='ocrx_word' id='word_1_307' title='bbox 1037 2683 1111 2721; x_wconf 84' lang='lat' dir='ltr'><strong>illa</strong></span> <span class='ocrx_word' id='word_1_308' title='bbox 1140 2681 1202 2721; x_wconf 89' lang='lat' dir='ltr'><strong>dei</strong></span> <span class='ocrx_word' id='word_1_309' title='bbox 1221 2682 1327 2720; x_wconf 86' lang='lat' dir='ltr'><strong>notio</strong></span> <span class='ocrx_word' id='word_1_310' title='bbox 1347 2682 1554 2731; x_wconf 88' lang='lat' dir='ltr'><strong>praecipue</strong></span> <span class='ocrx_word' id='word_1_311' title='bbox 1575 2681 1713 2719; x_wconf 90' lang='lat' dir='ltr'><strong>elucet.</strong></span> 
     </span>
    </p>
   </div>
   <div class='ocr_carea' id='block_1_3' title="bbox 267 2763 377 2766">
    <p class='ocr_par' dir='ltr' id='par_1_5' title="bbox 267 2763 377 2766">
     <span class='ocr_line' id='line_1_38' title="bbox 267 2763 377 2766; baseline 0 0"><span class='ocrx_word' id='word_1_312' title='bbox 267 2763 377 2766; x_wconf 95' lang='lat' dir='ltr'><strong> </strong></span> 
     </span>
    </p>
   </div>
   <div class='ocr_carea' id='block_1_4' title="bbox 380 2762 500 2765">
    <p class='ocr_par' dir='ltr' id='par_1_6' title="bbox 380 2762 500 2765">
     <span class='ocr_line' id='line_1_39' title="bbox 380 2762 500 2765; baseline 0 0"><span class='ocrx_word' id='word_1_313' title='bbox 380 2762 500 2765; x_wconf 95' lang='lat' dir='ltr'><strong> </strong></span> 
     </span>
    </p>
   </div>
   <div class='ocr_carea' id='block_1_5' title="bbox 346 2797 1376 2850">
    <p class='ocr_par' dir='ltr' id='par_1_7' title="bbox 346 2797 1376 2850">
     <span class='ocr_line' id='line_1_40' title="bbox 346 2797 1376 2850; baseline -0.005 -9"><span class='ocrx_word' id='word_1_314' title='bbox 346 2805 374 2850; x_wconf 93' lang='lat'><strong>¹)</strong></span> <span class='ocrx_word' id='word_1_315' title='bbox 397 2803 568 2850; x_wconf 83' lang='lat' dir='ltr'><strong>Suspicor</strong></span> <span class='ocrx_word' id='word_1_316' title='bbox 590 2815 626 2850; x_wconf 89' lang='lat' dir='ltr'><strong>p.</strong></span> <span class='ocrx_word' id='word_1_317' title='bbox 643 2807 697 2850; x_wconf 88' lang='lat'><strong>38,</strong></span> <span class='ocrx_word' id='word_1_318' title='bbox 711 2806 754 2840; x_wconf 84' lang='lat'><strong>20</strong></span> <span class='ocrx_word' id='word_1_319' title='bbox 777 2803 971 2849; x_wconf 82' lang='lat' dir='ltr'><strong>legendum</strong></span> <span class='ocrx_word' id='word_1_320' title='bbox 995 2813 1078 2840; x_wconf 85' lang='lat' dir='ltr'><strong>esse</strong></span> <span class='ocrx_word' id='word_1_321' title='bbox 1101 2804 1225 2849; x_wconf 79' lang='grc' dir='ltr'><em>δῶρον</em></span> <span class='ocrx_word' id='word_1_322' title='bbox 1249 2797 1376 2847; x_wconf 79' lang='grc' dir='ltr'><strong><em>αὐτῆς.</em></strong></span> 
     </span>
    </p>
   </div>
  </div>
 </body>
</html>
