2096 3129
1584 103 1634 140 91

155 217 207 258 ad
239 217 350 256 illam
377 214 662 267 interpretandi
690 215 876 255 rationem
905 214 1157 255 accomodata
1185 214 1289 266 apud
1319 214 1530 255 Cornutum
1558 227 1638 254 non

156 285 379 334 occurrunt,
414 283 482 334 qui
514 282 590 323 hoc
623 282 785 334 praebet
818 282 1075 333 veriloquium
1103 294 1142 334 p.
1163 283 1228 332 63,
1245 284 1269 322 3
1305 278 1560 336 ὠνόμασται
1590 280 1638 323 δὲ

156 348 268 405 τάχα
302 343 393 391 ἀπὸ
427 350 510 391 τοῦ
546 348 781 391 διατείνειν
817 347 878 398 εἰς
905 345 1014 398 τούς
1040 343 1204 404 ἥρωας,
1239 347 1302 399 ὥς
1330 342 1473 391 αὐτοῦ
1504 344 1638 397 ὄντος

156 418 239 460 τοῦ
276 414 528 470 κλεΐζεσθαι
556 412 663 466 τούς
693 414 924 471 γενναίους
952 417 1216 468 ποιοῦντος,
1255 417 1360 469 quod
1389 418 1504 458 etiam
1533 416 1638 468 apud

156 486 403 535 Fulgentinm
421 486 460 524 11
480 486 516 533 2,
540 497 577 535 p.
598 485 649 523 41
673 485 791 524 Helm
799 486 830 535 1)
861 488 900 524 et
929 485 1034 535 apud
1061 485 1254 535 Mythogr.
1280 486 1403 524 Vatic.
1422 487 1480 525 111
1499 487 1549 524 13
1578 486 1636 523 in-

155 553 319 601 venitur,
344 552 414 592 sed
438 564 552 603 quem
573 552 624 591 ad
644 555 838 592 auctorem
859 551 1119 591 revocandum
1140 553 1200 601 sit,
1224 564 1303 591 non
1324 556 1485 592 constat.
1523 553 1636 591 Hanc

154 620 512 670 interpretationem
530 620 571 658 in
591 631 676 658 eam
694 620 895 667 rationem,
915 631 992 669 qua
1010 619 1219 660 Cleanthes
1239 620 1420 659 Herculis
1439 621 1635 659 notionem

155 687 393 737 explanavit,
420 698 499 725 non
528 686 722 737 quadrare
750 689 926 736 apertum
955 689 1023 735 est,
1052 698 1179 737 neque
1199 699 1292 726 vero
1317 688 1467 725 initium
1488 687 1636 736 capitis,

155 766 232 805 quo
262 754 450 795 Cornutus
488 754 599 794 illum
637 755 754 794 robur
791 756 831 793 et
859 754 1031 805 vigorem
1065 766 1136 806 per
1164 753 1347 793 mundum
1375 757 1636 805 permeantem

154 823 439 872 interpretatur,
476 823 549 860 illa
587 833 673 860 cum
712 822 862 860 ratione
897 823 983 861 coit.
1039 822 1170 871 Atque
1206 823 1321 860 etiam
1357 822 1636 871 explicationes

155 889 413 929 Cornutianae
452 889 634 928 leoninae
672 888 790 938 pellis
830 890 869 927 et
903 888 1041 928 clavae
1079 889 1128 929 ab
1166 889 1230 937 iis,
1269 900 1368 939 quae
1403 888 1508 940 apud
1543 891 1635 930 Por-

154 955 336 1014 phyrium
375 958 529 994 exstant
566 956 852 1005 aliquantulum
890 956 1089 994 recedunt.
1152 956 1261 1002 Quae
1300 968 1385 995 cum
1423 957 1634 1005 perpendo,

153 1023 194 1063 id
232 1022 476 1063 statuendum
512 1022 604 1062 mihi
633 1022 787 1062 videtur
823 1035 908 1063 esse
947 1026 1069 1063 totum
1104 1022 1153 1063 de
1182 1023 1355 1063 Hercule
1391 1025 1507 1074 caput
1534 1022 1634 1062 Stoi-

154 1102 284 1129 corum
330 1102 351 1128 e
397 1090 573 1129 doctrina
616 1090 803 1140 pendere,
847 1091 1014 1129 fortasse
1063 1090 1253 1141 quaedam
1303 1090 1484 1131 Cleanthi
1533 1090 1632 1129 adsi-

153 1157 311 1208 gnanda
339 1169 436 1197 esse.

267 1236 391 1287 Supra
429 1235 593 1275 vidimus
631 1237 823 1275 nonnulla
861 1237 988 1276 inesse
1025 1237 1066 1275 in
1100 1237 1202 1275 libro
1242 1237 1495 1285 Cornutiano,
1534 1248 1633 1286 quae

154 1304 203 1343 ad
233 1304 506 1355 Chrysippum,
541 1305 751 1353 nonnulla,
791 1316 890 1355 quae
919 1304 970 1344 ad
999 1304 1248 1344 Posidonium
1282 1304 1505 1344 revocanda
1534 1307 1633 1352 sunt,

154 1384 281 1422 neque
310 1374 440 1410 tamen
467 1371 566 1410 haec
595 1374 673 1410 tam
703 1373 835 1422 ampla
862 1375 951 1411 sunt
980 1375 1046 1410 aut
1073 1376 1152 1410 tam
1181 1373 1403 1411 continuata
1432 1384 1546 1421 quam
1576 1384 1635 1420 ea,

154 1451 254 1489 quae
293 1439 539 1490 Apollodoro
578 1439 783 1479 tribuenda
817 1442 922 1487 sunt3
961 1441 1027 1478 vel
1064 1439 1157 1478 inde
1195 1440 1405 1479 verisimile
1444 1443 1502 1478 est
1540 1438 1631 1478 Cor-

153 1509 286 1546 nutum
325 1507 482 1557 illorum
520 1518 639 1557 opera
676 1507 852 1546 manibus
891 1518 970 1545 non
1006 1508 1170 1546 trivisse.
1228 1508 1324 1546 Alia
1353 1510 1496 1555 autem,
1536 1518 1635 1556 quae

151 1586 231 1613 non
270 1575 393 1613 minus
427 1574 641 1613 Stoicorum
679 1574 894 1614 doctrinam
932 1575 1127 1623 redolent,
1167 1578 1313 1614 certum
1353 1575 1403 1614 ad
1437 1578 1633 1614 auctorem

151 1641 289 1680 referri
332 1652 411 1680 non
448 1644 620 1692 possunt.
686 1640 838 1680 Idcirco
883 1652 1016 1680 omnes
1053 1641 1173 1681 habet
1210 1642 1293 1680 veri
1330 1653 1508 1680 numeros
1546 1653 1633 1680 enm

152 1711 305 1758 praeter
333 1708 569 1758 Apollodori
604 1720 700 1758 opus
728 1708 897 1747 Stoicum
932 1708 1127 1758 quoddam
1157 1709 1425 1759 compendium
1454 1710 1495 1747 in
1523 1720 1632 1748 usum

152 1787 260 1815 suum
290 1776 462 1816 vertisse.

265 1943 294 1988 ¹)
324 1943 497 1979 Hercules
531 1943 627 1979 em'm
657 1943 810 1980 Eraclee
846 1944 981 1980 Graece
1016 1944 1163 1991 dicitur,
1197 1945 1242 1980 id
1273 1947 1324 1981 est
1358 1944 1535 1982 eroncleoe
1558 1973 1592 1981 ..
1610 1972 1630 1989 .,

151 1998 246 2034 unde
277 2000 312 2034 et
341 1999 522 2035 Homerus
552 1999 628 2035 ait:
658 1999 711 2045 (Β
725 2001 816 2043 486)
841 2027 849 2036 .
866 2027 874 2036 .
893 2028 902 2036 .
934 2000 1021 2037 Ideo
1054 2003 1088 2036 et
1117 2001 1219 2036 Alcei
1242 2012 1351 2047 nepos
1376 2001 1526 2036 dicitur:
1557 2001 1631 2037 alce

151 2055 247 2090 enim
283 2055 418 2091 Graece
445 2056 697 2102 praesumptio
725 2056 1006 2102 interpretatur.
1067 2057 1121 2093 Of.
1158 2057 1303 2094 Servius
1332 2058 1380 2093 ad
1404 2057 1513 2102 Verg.
1537 2057 1629 2093 Aen.

151 2112 204 2149 VI
220 2123 254 2148 v.
269 2115 351 2149 392:
374 2112 471 2148 Saue
485 2112 648 2149 Alcidem
670 2112 798 2149 volunt
820 2113 969 2159 quidam
993 2107 1070 2149 α’πό
1095 2117 1162 2160 τῆς
1185 2109 1302 2160 α’λκῆς
1317 2114 1461 2159 dictum,
1485 2113 1525 2150 id
1540 2115 1592 2150 est
1606 2125 1630 2149 a

152 2167 312 2204 virtute}
336 2167 431 2213 quod
460 2179 534 2204 non
558 2169 725 2214 procedit
756 2169 845 2214 quia
868 2197 877 2205 .
893 2196 902 2205 .
920 2197 929 2206 .
964 2170 1053 2206 Cum
1075 2171 1120 2206 iis
1143 2175 1274 2216 autem,
1297 2181 1390 2216 quae
1413 2171 1559 2207 Servius
1583 2171 1630 2206 ad

151 2222 242 2261 Aen.
259 2224 312 2262 VI
344 2236 377 2261 v.
402 2227 466 2261 395
503 2224 705 2271 adnotavit,
745 2225 903 2262 concinit
942 2226 1114 2263 Heracliti
1156 2226 1286 2274 capitis
1315 2229 1357 2263 33
1395 2226 1535 2263 initium
1565 2226 1629 2272 (cf

151 2281 325 2317 Hercules
347 2292 370 2317 α
391 2281 690 2328 prudentioribus
717 2285 833 2319 mente
853 2283 982 2330 magio,
1013 2295 1121 2329 quam
1143 2295 1288 2329 corpore
1309 2284 1419 2330 fortis
1441 2283 1631 2319 inducitur

152 2357 196 2363 -—
219 2338 303 2374 Her.
334 2348 370 2384 p.
394 2341 509 2384 48,11
542 2335 730 2385 Ἡρακλέα
762 2338 800 2375 δὲ
830 2336 1036 2390 νομιστέον
1066 2334 1137 2376 οὐκ
1169 2334 1245 2375 οἷπὸ
1280 2344 1500 2402 σωματικῆς
1523 2337 1629 2376 δυνά-

151 2406 255 2438 μεως
298 2388 510 2440 ἀναχθέντα
550 2398 738 2431 τοσοῦτον
774 2394 928 2442 ἰσχῦσαι
967 2401 1047 2439 τοῖς
1085 2394 1174 2432 τότε
1208 2392 1378 2442 χρόνοις,
1418 2385 1500 2432 ἀλλ’
1531 2392 1629 2444 ἀνὴρ

152 2445 312 2496 ἔμφρων
342 2452 405 2487 καὶ
436 2451 573 2497 σοφίας
596 2447 774 2498 ουρανίου
796 2450 942 2497 μύστης
966 2449 1135 2498 γεγονώς
1159 2447 1323 2498 ὦσπερεὶ
1346 2449 1447 2488 κατὰ
1469 2453 1631 2499 βαθείας

152 2499 291 2551 αχλύος
320 2502 595 2544 υποδεδυκυῖαν
626 2503 793 2554 ἐφώτισε
823 2504 892 2555 τήν
915 2508 1157 2554 φιλοσοφίαν,
1187 2505 1368 2554 καθαπερ
1392 2503 1630 2556 ὁμολογοῦσι

151 2559 215 2597 καὶ
240 2563 426 2598 Στωικῶν
448 2560 486 2599 οὶ
508 2559 772 2608 δοκιμώτατοι.
796 2584 841 2591 -
863 2565 1044 2611 Mythogr.
1059 2565 1141 2601 Vnt.
1157 2565 1278 2600 11113.
1317 2565 1490 2601 Hercules
1512 2566 1631 2612 ὁρίων

152 2619 260 2663 quasi
282 2614 422 2666 ἡρώων
444 2617 567 2663 κλέος,
590 2620 754 2657 virorum
775 2621 930 2667 fortium
951 2621 1071 2668 yloria
1094 2621 1364 2667 interpretatur.
