2096 3129
1609 224 1660 262 63

179 341 311 391 Atque
340 340 444 391 quod
474 340 700 380 Hefermehl
730 341 878 389 statuit,
911 352 1015 379 novo
1044 338 1261 390 fragmento
1291 352 1315 378 a
1338 337 1591 378 Reinhardtio
1620 350 1669 377 ex

179 407 382 448 Eustathio
418 411 648 459 recuperato
688 409 741 458 (p.
764 409 832 459 91)
871 408 1083 447 stabilitum
1124 409 1198 455 est,
1238 418 1401 456 quocum
1431 406 1671 455 comparavit

180 477 294 517 Corn.
322 489 360 527 p.
381 475 446 527 41,
463 477 529 516 22.
558 476 624 525 43,
642 477 706 516 19.
740 475 887 525 44,20.
916 476 982 525 44,
1003 477 1064 515 11.
1128 475 1205 516 Sed
1244 476 1344 516 alius
1379 486 1532 525 quoque
1566 474 1668 513 inter

180 544 424 583 Euetathium
454 547 493 583 et
513 545 722 584 Cornutum
750 544 956 582 intercedit
986 555 1207 590 consensus,
1238 543 1373 582 eadem
1395 544 1496 582 enim
1516 543 1667 581 ratione

179 623 270 652 usus
308 613 471 662 uterque
511 612 686 663 exponit,
725 623 825 661 quae
860 611 1041 651 victimae
1072 611 1253 661 Neptuno
1289 609 1550 650 immolandae
1580 610 1667 649 sint.

183 678 372 720 Conferas
401 691 546 729 quaeso
575 679 692 719 haec:

223 788 327 824 Eunt„
351 799 387 834 p.
407 791 504 833 1676,
519 791 561 824 34
585 788 649 833 (ad
666 789 688 823 λ
708 788 804 832 130):
819 783 889 834 Ἀρ·
917 789 919 804 ¹

180 840 281 886 νειὸς
304 841 357 886 δὲ,
382 839 434 885 ὡς
457 844 520 879 καὶ
544 837 711 889 άλλαχοῦ
733 840 889 890 ἑῤῥέθη,

179 896 317 936 θύεται
348 900 561 935 Ποσειδῶνι
598 897 659 935 διὰ
689 896 733 935 τὸ
765 903 890 948 πρᾷον

181 959 246 1001 τῆς
261 952 461 1001 θαλάσσης
477 950 545 991 ὅτε
560 951 679 1001 ἠρέμα
695 952 889 1002 πορφύρει

180 1008 371 1057 γαλήνιον,
403 1016 540 1058 ταῦρος
569 1009 609 1048 δὲ
635 1008 697 1047 διά
720 1009 764 1047 τὸ
789 1009 889 1048 κατά

182 1062 426 1115 σφοδρότητα
457 1065 644 1114 κινήσεως
667 1066 889 1113 πληκτικὸν,

178 1120 235 1160 ἔτι
269 1122 310 1162 δὲ
342 1125 407 1161 καὶ
440 1121 501 1160 διά
525 1121 569 1161 τὸ
594 1121 804 1170 μυκητικδν
827 1123 889 1161 καὶ

179 1178 242 1217 διὰ
257 1177 325 1222 τοὶς
343 1178 384 1216 ἐν
400 1183 454 1228 τῷ
470 1175 577 1217 {idom
593 1179 633 1218 δὲ
651 1178 829 1226 καμπτάς
841 1181 888 1216 δί-

180 1250 250 1284 κην
272 1233 444 1284 κεράτων
469 1264 502 1273 ..
520 1264 528 1273 .
553 1231 692 1273 Ἰστέον
715 1236 755 1275 δὲ
780 1231 839 1274 ὅτι
864 1232 885 1284 ἦ

179 1291 336 1339 τοιαύτη
384 1293 500 1329 θυσία
544 1291 699 1339 τριττύα
737 1292 888 1339 λέγεται

133 1354 137 1360 “
178 1346 282 1397 παρὰ
315 1354 394 1392 τοῖς
424 1351 615 1394 παλαιοῖς,
647 1346 685 1385 οἳ
712 1347 888 1396 τριττύαν
915 1359 917 1366 ’

178 1401 316 1452 ἐλεγον
330 1418 402 1452 την
420 1404 464 1441 ἐκ
477 1409 594 1452 τριῶν
610 1403 721 1454 ζῴων
737 1406 887 1449 θυσίαν,

178 1455 272 1505 οἷον,
304 1457 405 1498 δύων
436 1457 567 1507 μήλων
597 1460 663 1498 καὶ
693 1460 804 1509 βοός,
838 1459 888 1505 ὡς

175 1514 399 1564 Ἐπίχαρμος
416 1517 563 1564 [Kaibel
578 1518 621 1556 fr.
638 1518 728 1565 187],
753 1515 775 1565 ἢ
791 1515 887 1566 βοός

175 1576 241 1611 καὶ
278 1572 386 1621 αἰγὸς
416 1573 480 1611 καὶ
510 1572 728 1622 προβάτου,
767 1571 792 1622 ἢ
824 1573 886 1611 κά-

179 1642 277 1677 πρου
301 1633 365 1667 καὶ
389 1636 499 1677 κριοῦ
524 1633 586 1667 καὶ
610 1628 761 1678 ταύρου.

1004 787 1111 823 Corn.
1134 799 1170 833 p.
1186 791 1242 833 42,
1257 791 1293 823 8:
1327 782 1497 832 εύλόγως
1525 785 1565 823 δὲ
1590 783 1664 822 ὑπό

958 855 1073 879 τινων
1111 845 1176 878 καὶ
1213 840 1384 888 μυκητὰς
1420 854 1565 889 ειρηται
1600 846 1666 887 τῆς

958 895 1152 944 θαλάττης
1167 911 1250 934 τινα
1267 903 1445 935 τοιοῦτον
1460 900 1556 944 ἦχον
1573 894 1664 933 άπο-

959 950 1152 1000 τελούσης,
1178 948 1239 1000 άφ’
1267 948 1311 991 οὗ
1336 956 1401 991 καὶ
1416 950 1585 1001 ἠχήεσσα
1600 956 1666 990 καὶ

958 1007 1174 1057 ἀγάστονος
1202 1013 1268 1047 καὶ
1297 1008 1583 1058 πολύφλοισβος
1607 1008 1665 1047 λε’-

958 1080 1066 1113 γεται
1080 1079 1087 1086 ·
1115 1065 1299 1104 ἐντεῦθεν
1324 1066 1364 1105 δὲ
1390 1063 1526 1110 ἔδοξαν
1548 1066 1613 1103 καὶ
1628 1079 1666 1102 οι

960 1126 1093 1170 ταῦροι
1123 1120 1228 1172 αύτῷ
1259 1121 1477 1171 προσήκειν,
1511 1125 1573 1160 καὶ
1597 1121 1664 1160 θύ-

959 1192 1066 1216 ουσιν
1088 1177 1200 1228 ,αὐτῷ
1232 1178 1393 1227 ταύρους
1421 1178 1665 1225 παμμέλανας

957 1233 1017 1273 διά
1041 1235 1109 1283 τὴν
1130 1234 1266 1284 χροιὰν
1287 1241 1357 1274 τοῦ
1373 1234 1574 1283 πελάγους,
1598 1237 1663 1272 καὶ

958 1290 1043 1330 ἐπεὶ
1075 1289 1198 1336 ἄλλως
1226 1291 1270 1329 τὸ
1301 1289 1402 1338 ὕδωρ
1425 1291 1543 1337 μέλαν
1568 1289 1663 1328 εἶναι

957 1347 1141 1395 λέγουσιν,
1176 1343 1345 1395 εύλόγως
1374 1345 1442 1395 ἤδη
1466 1349 1664 1394 κυανοχαί-

955 1418 1023 1441 του
1078 1401 1197 1442 αὐτοῦ
1251 1402 1453 1451 εἰρημένου
1495 1404 1570 1440 ’καὶ
1623 1401 1664 1441 ἐν

957 1459 1093 1508 ἐσθῆτι
1111 1459 1361 1507 εἰσαγομένου
1377 1459 1533 1507 τοιαύτῃ
1546 1472 1555 1480 ·
1579 1460 1664 1497 τού-

956 1530 1023 1554 του
1048 1515 1079 1554 δ’
1105 1513 1239 1555 ἕνεκεν
1263 1520 1326 1554 καὶ
1355 1515 1444 1560 τοὺς
1468 1515 1666 1563 ποταμούς

955 1572 1222 1623 κερασφόρους
1242 1577 1306 1611 καὶ
1329 1573 1552 1621 ταυρωποὺς
1575 1571 1662 1612 ἄνα-

914 1655 916 1677 ,
954 1629 1197 1675 πλάττουσιν,
1235 1628 1342 1666 ὠσὰν
1370 1629 1499 1678 βιαιόν
1528 1644 1565 1667 τι
1595 1637 1661 1678 τῆς

956 1691 1080 1735 φορᾶς
1123 1684 1250 1725 αὐτῶν
1285 1688 1350 1725 καὶ
1383 1687 1591 1735 μυκητικὸν
1628 1687 1660 1724 ἐ-

952 1741 1105 1790 χούσης.

288 1873 415 1911 Etiam
444 1872 667 1923 Epicharmi
696 1873 879 1912 memoria
906 1872 981 1912 hac
1009 1874 1051 1911 in
1078 1874 1297 1912 litterarum
1322 1875 1523 1924 provincia
1543 1874 1660 1913 obvia

174 1938 317 1979 indicio
346 1942 406 1979 est
433 1940 672 1991 Apollodori
700 1940 911 1981 doctrinae.
968 1941 1067 1980 Ilico
1097 1941 1199 1981 addo
1228 1941 1346 1981 haec:

219 2038 323 2074 Euat.
344 2049 381 2084 p.
399 2042 496 2085 1554,
508 2042 549 2075 41
569 2039 632 2083 (ad
649 2039 669 2083 ζ
687 2039 783 2084 125):
804 2033 884 2075 Ὅτι

175 2088 438 2139 αἰνιττόμενος
478 2090 501 2130 δ
539 2093 699 2141 ποιητὴς
734 2092 884 2141 νύμφας

175 2150 271 2185 εἰναι
309 2146 567 2198 άλληγορικῶς
597 2147 665 2193 τὰς
695 2152 782 2197 περὶ
813 2155 884 2197 γῆν

175 2202 340 2251 φυσικὰς
364 2203 540 2253 δυνάμεις
565 2205 632 2250 τὰς
656 2212 734 2243 τῶν
754 2212 884 2255 φυτῶν

174 2255 379 2307 αύξητικᾶς
392 2276 445 2306 ως
455 2265 520 2300 καὶ
535 2262 576 2300 ἐν
589 2260 718 2308 αλλοις
730 2261 883 2311 έῤῥέθη,

174 2318 300 2384 φησίν.
369 2318 549 2367 κουράων
606 2316 791 2368 νυμφάων
844 2317 884 2357 αἳ

174 2369 300 2419 ἔχουσ’
323 2370 451 2423 ὀρέων
466 2374 619 2414 αἰπεινά
635 2375 793 2425 κάρηνα,
817 2379 882 2414 καὶ

173 2426 297 2476 πηγάς
332 2437 518 2478 ποταμῶν
555 2435 616 2470 καὶ
651 2434 766 2471 πίσεα
801 2446 882 2470 ποι-

172 2482 289 2530 ήεντα
324 2490 363 2533 (ζ
383 2491 529 2536 123sq.)
556 2518 563 2526 .
590 2519 598 2527 .
624 2519 632 2527 .
664 2491 808 2537 Κοῦραι
839 2489 880 2527 δὲ

173 2540 271 2578 κατὰ
329 2542 398 2581 τὸν
451 2543 611 2592 ποιητήν
665 2543 881 2594 αἱρεθεῖσαι

173 2594 318 2645 νύμφαι
350 2599 411 2637 διὰ
441 2600 485 2638 τὸ
518 2599 579 2639 ἀεὶ
609 2600 760 2648 νεάζειν
782 2600 882 2639 κατὰ

173 2651 288 2698 φύσιν
304 2658 367 2694 καὶ
379 2671 430 2705 μη
448 2664 578 2706 γηρᾶν.
592 2657 649 2696 διὸ
662 2658 726 2696 καὶ
737 2657 880 2707 νύμφαι

173 2706 214 2745 αἱ
247 2706 359 2749 αύταὶ
391 2717 616 2759 καλοῦνται,
652 2714 712 2752 διὰ
742 2713 786 2752 τὸ
820 2713 881 2753 άεὶ

172 2763 279 2802 νέον·
310 2764 336 2815 ἢ
366 2768 467 2807 κατὰ
499 2770 542 2808 τὸ
574 2775 642 2809 νῦν
673 2771 880 2819 φαίνεσθαι

172 2833 224 2863 ως
248 2825 310 2860 καὶ
337 2821 502 2873 ἀλλαχοῦ
529 2825 714 2875 ἐδηλώθη.

1001 2039 1107 2076 Corn.
1129 2051 1164 2086 p.
1182 2044 1286 2086 44,3:
1310 2036 1463 2086 λέγεται
1487 2038 1527 2077 δὲ
1552 2038 1658 2087 παρά

953 2107 1028 2131 τισι
1044 2097 1106 2131 καὶ
1122 2094 1362 2142 νυμφαγέτης
1373 2098 1435 2132 καὶ
1447 2101 1658 2142 κρηνοῦχος

952 2146 1013 2187 διά
1066 2149 1135 2194 τὰς
1181 2149 1461 2200 προειρημένας
1512 2150 1634 2195 αἰτίας
1649 2165 1656 2173 ·

951 2204 1097 2255 νύμφαι
1120 2206 1195 2256 γάρ
1219 2207 1316 2246 εἰσιν
1337 2207 1377 2246 αὶ
1394 2212 1470 2245 τῶν
1485 2208 1657 2254 ποτίμων

951 2260 1100 2300 ὑδάτων
1131 2265 1264 2311 πηγαί,
1298 2260 1374 2302 άπό
1398 2269 1467 2302 τοῦ
1492 2262 1551 2302 αἐὶ
1575 2262 1655 2302 νέαι

952 2321 1161 2367 φαίνεσθαι
1183 2318 1206 2367 ἢ
1231 2318 1308 2358 άπό
1332 2327 1400 2359 τοῦ
1424 2323 1572 2369 φαίνειν
1596 2317 1655 2359 οῧ-

950 2389 1025 2420 τως
1063 2375 1346 2423 ω’νομασμέναι.
1408 2376 1477 2421 τάς
1515 2378 1555 2416 δὲ
1591 2392 1655 2425 γα-

948 2431 1143 2479 μουμένας
1177 2431 1329 2480 νύμφας
1359 2438 1543 2473 καλοῦσιν
1578 2432 1654 2471 α’πό

950 2494 1018 2526 τοῦ
1032 2495 1100 2526 νῦν
1108 2488 1269 2538 πρώτως
1279 2490 1484 2537 φαίνεσθαι
1493 2503 1654 2538 κρυπτο-

947 2543 1066 2592 μένας
1089 2545 1190 2589 τέως.
