2096 3129
385 162 436 200 56

383 275 477 315 Cum
518 275 687 315 Cornuto
727 287 764 324 p.
795 275 858 323 23,
880 275 932 312 22
973 275 1233 322 consentiunt,
1277 287 1377 324 quae
1419 274 1631 314 scholiasta
1674 274 1876 314 adnotavit

383 341 433 380 ad
475 341 671 391 Aristoph.
707 342 810 380 Plut.
846 341 1034 379 v.1159:
1075 333 1146 381 ὅτι
1192 337 1216 379 ὁ
1250 337 1408 397 Ἑρμῆς
1449 340 1523 382 καὶ
1562 337 1586 383 ὁ
1625 337 1758 394 λόγος
1799 337 1875 381 καὶ

382 402 434 449 τὸ
475 404 661 461 λογικὸν
702 400 956 463 ἡγεμονεύει
991 407 1163 460 τεχνῶν
1201 407 1277 448 καὶ
1312 408 1593 461 πρακτικῶν,
1640 405 1875 455 ὑποτιθεὶς

382 471 553 529 ἓκαστῳ
587 474 661 516 καὶ
700 471 952 531 ἐφευρήσεις
987 473 1062 515 καὶ
1096 473 1372 528 πανουργίας
1403 474 1478 516 καὶ
1508 471 1720 529 α’φορμάς.
1779 472 1874 531 ἦγε-

380 539 537 596 μόνιος
571 541 619 584 δὲ
658 542 828 596 λέγεται
866 542 942 583 καὶ
982 534 1142 597 ὁδηγὸς
1181 542 1275 583 τῶν
1312 543 1513 594 τυφλῶν.
1573 545 1694 583 Vasto
1724 544 1873 582 Aristo-

381 610 623 661 phaneorum
658 610 892 650 scholiorum
921 611 961 648 in
991 611 1087 649 mari
1116 609 1353 660 Apollodori
1381 610 1568 650 librorum
1598 611 1767 650 frustula
1795 621 1874 649 non

381 690 509 729 pauca
536 681 643 717 nant.
654 680 684 729 1)

494 746 692 785 Athenaei
719 745 842 785 libros
871 744 1035 785 refertos
1065 756 1149 784 esse
1168 744 1449 795 Apollodoreis
1478 746 1579 785 inter
1608 746 1713 785 viros
1740 746 1873 786 doctos

382 813 526 853 dudum
556 816 729 861 constat3
768 826 816 853 ea
844 816 983 863 autem,
1013 825 1114 863 quae
1142 813 1309 862 legimus
1338 825 1375 863 p.
1397 813 1475 852 561
1490 825 1585 863 sqq„
1615 813 1666 852 ad
1695 825 1783 853 eum
1813 825 1873 852 re-

380 881 543 920 ferenda
581 893 667 921 esse
704 893 789 920 cum
830 881 1007 920 doctrina
1044 881 1187 919 eximia
1216 884 1254 919 et
1283 881 1519 930 singularem
1548 882 1589 919 in
1618 881 1773 920 modum
1805 893 1871 920 cu-

380 950 529 988 mulata
557 971 614 978 —
643 961 732 987 nam
764 961 785 988 e
813 952 923 987 tanta
944 949 1185 998 scriptorum,
1216 949 1282 998 qui
1302 948 1406 998 apud
1427 948 1674 987 Athenaeum
1694 949 1874 997 citantur,

383 1018 509 1067 copia,
538 1010 707 1068 Ἐρξίας
737 1014 785 1056 ἒν
816 1017 1189 1066 Κολοφωνιακοῖς
1218 1029 1296 1055 non
1326 1017 1402 1055 nisi
1431 1016 1494 1056 hic
1525 1018 1702 1066 occurrit,
1732 1018 1874 1056 scimus

382 1088 509 1123 autem
539 1085 652 1122 illum
681 1085 722 1122 in
753 1084 902 1123 deliciis
931 1084 1113 1123 habuisse
1142 1085 1199 1122 uti
1228 1084 1372 1123 talibus
1402 1084 1669 1134 scriptoribus,
1699 1085 1766 1134 qui
1794 1096 1873 1123 non

380 1153 422 1191 in
460 1153 626 1191 omnium
667 1155 778 1191 erant
817 1152 993 1190 manibus
1027 1175 1084 1180 -—
1119 1155 1199 1191 tum
1234 1152 1421 1191 memoria
1450 1152 1652 1191 Sosicratis
1680 1152 1875 1202 probatur,

382 1232 496 1269 quem
526 1221 641 1258 illum
670 1220 893 1258 adhibuisse
925 1231 946 1257 e
977 1220 1168 1258 Strabone
1197 1220 1248 1268 (X
1277 1232 1315 1269 p.
1335 1220 1416 1257 475
1439 1238 1492 1251 =
1512 1220 1619 1259 FHG
1644 1220 1698 1259 IV
1716 1232 1755 1270 p.
1777 1219 1874 1270 500)

382 1291 544 1328 constat.
593 1288 847 1328 Consentiunt
876 1291 1002 1327 autem
1034 1300 1119 1327 cnm
1146 1288 1314 1328 Cornuto
1343 1300 1380 1338 p.
1403 1288 1468 1335 25,
1483 1288 1537 1326 22
1553 1299 1635 1338 sqq.
1683 1287 1876 1328 Athenaei

380 1356 480 1395 haec
510 1357 562 1406 (p.
584 1356 662 1395 561
683 1356 742 1405 d):
775 1348 843 1396 ὅτι
874 1353 920 1395 δὲ
950 1354 1023 1395 καὶ
1054 1353 1097 1396 οἱ
1125 1352 1296 1396 τούτου
1322 1350 1564 1411 (Ζήνωνος)
1583 1351 1874 1409 πρεσβύτεροι

382 1419 496 1464 κατὰ
550 1422 823 1476 φιλοσοφίαν
879 1418 1039 1476 σεμνόν
1087 1437 1188 1464 τινα
1236 1420 1318 1464 τὸν
1361 1419 1534 1476 Ἔρωτα
1584 1421 1657 1464 καὶ
1704 1421 1875 1472 παντὸς

382 1490 565 1543 αἰσχροῦ
600 1489 925 1543 κεχωρισμένον
964 1484 1137 1542 ᾔδεσαν,
1174 1489 1311 1545 δῆλον
1350 1487 1399 1530 ἐκ
1437 1490 1520 1530 τοῦ
1560 1487 1673 1531 κατὰ
1711 1486 1766 1531 τὰ
1801 1505 1873 1544 γυ-

381 1555 544 1610 μνάσια
571 1549 716 1598 αὐτὸν
737 1556 1034 1610 συνιδρῦσθαι
1052 1554 1184 1610 Ἑρμῇ
1203 1556 1276 1597 καὶ
1299 1554 1514 1610 Ἡρακλεῖ,
1534 1558 1600 1610 τῷ
1618 1556 1699 1610 μὲν
1720 1554 1873 1610 λόγου,

381 1622 446 1679 τῷ
472 1622 512 1666 d'
532 1618 668 1679 ἀλκῆς
692 1625 942 1679 προεστῶτι
955 1635 963 1644 ·
996 1615 1062 1665 ὧν
1086 1620 1358 1665 ἑνωθέντων
1377 1624 1505 1676 φιλία
1524 1639 1572 1665 τε
1592 1624 1666 1666 καὶ
1686 1619 1875 1678 ὁμόνοια

382 1692 605 1746 γεννᾶται,
637 1685 692 1733 δι’
721 1682 789 1733 ὦν
818 1689 845 1747 ἦ
876 1690 1089 1746 καλλίστη
1114 1690 1348 1746 ἐλευθερία
1373 1699 1467 1741 τοῖς
1486 1692 1630 1733 ταῦτα
1648 1693 1874 1746 μετιοῦσιν

384 1757 661 1813 συναύξεται.

494 1830 648 1869 Idcirco
664 1829 910 1868 statuendum
926 1831 986 1868 est
1000 1832 1119 1867 totam
1136 1829 1295 1869 Cornuti
1311 1829 1358 1868 de
1372 1830 1562 1870 Mercurio
1578 1830 1873 1880 disputationem

380 1897 620 1948 Apollodori
650 1909 699 1937 ex
728 1908 846 1947 opere
875 1897 1119 1948 desumptam
1147 1909 1243 1937 esse.

494 1966 598 2003 Hinc
633 1966 666 2003 si
697 1965 857 2003 Cornuti
889 1965 1070 2002 libellum
1099 1966 1335 2014 perscrutari
1363 1966 1574 2015 pergimus,
1608 1967 1728 2015 longo
1757 1967 1874 2004 inter-

382 2034 492 2072 vallo
526 2032 729 2072 interiecto
758 2032 799 2070 in
818 2032 987 2071 Vulcani
1015 2035 1056 2070 et
1083 2032 1283 2071 Minervae
1313 2033 1557 2072 enarratione
1582 2033 1875 2082 Apollodoreae

381 2100 583 2139 doctrinae
617 2099 784 2148 vestigia
814 2098 1149 2148 deprehendimus.
1207 2099 1438 2138 Hefermehl
1466 2101 1542 2137 1.1.
1571 2112 1607 2149 p.
1630 2101 1682 2138 22
1712 2101 1874 2150 Apollo-

380 2167 516 2207 dorum
546 2167 586 2205 in
616 2166 787 2215 deorum,
822 2167 888 2215 qui
916 2166 1020 2216 apud
1049 2170 1185 2215 poetas
1215 2171 1432 2215 occurrunt,
1467 2168 1625 2206 notione
1654 2167 1875 2206 definienda

380 2235 435 2273 ita
473 2234 696 2272 distinxisse
735 2234 881 2282 docuit,
919 2236 962 2272 ut
1000 2233 1114 2272 modo
1153 2235 1403 2284 intellegeret
1437 2235 1561 2284 ipsum
1597 2229 1723 2284 θεόν,
1759 2235 1872 2273 modo

381 2298 586 2354 δυνάμεις
615 2296 750 2350 τινάς,
782 2291 848 2341 (ἦν
877 2299 920 2341 οἱ
951 2299 1051 2342 θεοὶ
1085 2299 1265 2355 δοτῆρές
1294 2299 1389 2351 εἶσι,
1421 2303 1503 2341 sive
1534 2308 1736 2354 στοιχεῖα,
1775 2314 1873 2351 quac

377 2370 476 2409 ratio
512 2369 655 2420 optime
689 2369 908 2409 illustratur
941 2369 1013 2409 illo
1047 2368 1266 2420 fragmento
1302 2369 1407 2421 apud
1445 2369 1683 2421 Stephanum
1713 2371 1873 2421 Byzant.

380 2452 409 2477 s.
429 2451 464 2476 v.
490 2433 651 2490 Ἄρειος
680 2434 824 2490 πάγος
843 2441 997 2476 servato
1018 2440 1087 2486 (=
1109 2439 1154 2476 fr.
1177 2441 1201 2476 6
1218 2440 1299 2488 Μ.);
1332 2435 1613 2493 ἀκρωτήριον
1627 2431 1873 2493 Ἀθήνησιν,

379 2501 440 2556 ὡς
466 2500 804 2560 Ἀπολλόδωρος
844 2502 892 2547 ἐν
925 2505 988 2560 τῷ
1016 2503 1119 2559 περὶ
1148 2506 1273 2547 θεῶν
1303 2501 1489 2560 ἐννάτφ.
1551 2502 1600 2547 ἐν
1625 2495 1662 2560 ᾧ
1687 2503 1873 2558 φονικὰς

377 2573 539 2626 κρίσεις
577 2572 796 2625 ἐδίκαζον,
837 2570 907 2613 διὰ
946 2571 1026 2621 τὰς
1066 2567 1156 2614 ἀπὸ
1186 2574 1270 2614 τοῦ
1300 2569 1484 2629 σιδήρου
1514 2573 1780 2627 γιγνομένας
1807 2588 1873 2627 μι-

494 2731 523 2773 ¹)
546 2729 603 2765 De
626 2728 775 2766 scholiis
798 2729 845 2765 ad
862 2730 1013 2775 Lysistr.
1033 2729 1078 2766 cf.
1098 2730 1141 2766 G.
1159 2730 1270 2776 Stein‚
1294 2730 1438 2767 Scholia
1452 2730 1487 2765 in
1503 2729 1693 2776 Aristoph.
1709 2729 1873 2776 Lysistr.‚

379 2787 530 2822 Dissert.
558 2785 721 2832 Giitting.
742 2788 840 2822 1891.
