2096 3129
402 157 455 196 54

514 281 709 322 Eustathii
762 282 1017 332 congruentia
1071 282 1260 321 evincitur
1314 282 1428 322 etiam
1478 295 1579 331 eam,
1628 294 1742 333 quam
1785 280 1890 332 apud

401 350 515 389 Corn.
544 362 580 399 p.
602 350 667 397 24,
686 349 862 397 19-25,
878 351 902 387 2
937 349 1121 399 legimus,
1159 349 1389 398 allegoriam
1424 350 1608 389 Mercurii
1642 347 1889 400 Apollodoro

400 416 673 457 vindicandam
713 429 813 467 esse,
851 416 955 456 unde
994 417 1203 457 verisimile
1243 417 1304 457 est
1341 417 1455 456 illum
1491 417 1658 458 Stoicam
1695 416 1889 467 duplicem

398 486 511 523 illam
541 485 771 524 divisionem
802 481 942 538 λόγου
971 483 1257 538 προφορικοῦ
1288 486 1326 523 et
1353 481 1619 525 ἐνδιαθέτου
1640 484 1690 523 ad
1708 484 1891 523 Mercurii

399 553 564 593 virtutes
578 553 838 601 transtulisse3
857 564 984 603 neque
999 552 1130 593 dubito
1147 552 1262 592 etiam
1279 552 1516 593 Cornutiana
1529 565 1567 604 p.
1584 554 1648 601 21,
1662 553 1837 602 18-22,
1853 552 1889 600 3,

400 633 502 670 quae
544 621 596 660 ad
627 617 766 673 λόγον
794 615 1078 674 προφορικόν
1109 623 1148 659 et
1181 616 1444 660 ἐνδιάθετον
1478 621 1684 670 pertinent,
1723 620 1785 658 illi
1818 619 1886 657 ad-

401 689 582 730 scribere.
593 689 623 740 ¹)

513 812 611 853 Ilico
641 811 744 853 addo
773 811 893 853 haec:

446 903 551 937 Eust.
575 912 611 946 p.
635 903 792 946 999,14:
826 898 894 935 τὸν
926 899 964 936 δὲ
996 895 1114 935 αὐτόν
1227 900 1333 936 Corn.
1358 911 1393 945 p.
1411 903 1538 944 25,11:
1578 902 1822 946 παραστῆσαι
1850 898 1890 936 δὲ

402 953 524 1000 ἄλλως
548 951 687 1003 Ἑρμῆν
717 954 781 992 καὶ
811 951 863 999 ὡς
889 953 1114 1003 στερητικόν
1182 951 1299 993 αὐτοῦ
1334 953 1402 1003 τὴν
1433 953 1592 1002 δύναμιν
1624 955 1690 992 καὶ
1722 953 1782 992 διὰ
1812 959 1891 992 τῶν

400 1012 566 1058 κλέπτην
588 1011 831 1049 πλάττουσιν.
879 1010 924 1050 οὐ
949 1011 1023 1059 γὰρ
1046 1011 1113 1055 μό-
1182 1008 1505 1057 ἇπεμφαινόντων
1520 1009 1705 1054 θέλοντες
1729 1009 1891 1056 κλέπτην

402 1082 468 1106 νον
501 1065 660 1117 εὕερμεῖ
689 1082 744 1114 τις
776 1067 817 1113 ἐξ
847 1066 984 1112 αὐτοῦ,
1017 1062 1114 1106 ἀλλά
1183 1064 1300 1106 αὐτὸν
1353 1066 1579 1116 παρέδωκαν
1639 1070 1702 1105 καὶ
1755 1068 1891 1105 Δολίου

401 1129 465 1162 καὶ
512 1126 720 1172 δυσερμίαν
765 1122 844 1172 ἔχει
883 1124 984 1161 κατὰ
1024 1123 1114 1167 τούς
1177 1120 1315 1171 Ἑρμοῦ
1339 1123 1475 1171 βωμὸν
1500 1121 1593 1160 ἔνιοι
1619 1121 1830 1171 ἱδρύσαντο.

401 1179 605 1225 παλαιούς,
636 1177 688 1224 ὡς
716 1178 764 1217 τά
791 1178 944 1218 ἐναντία
971 1179 1114 1218 ἐνθέω-

403 1241 559 1285 ρεῖσθαι
595 1236 662 1275 καὶ
697 1232 814 1286 αὐτῷ,
849 1234 957 1274 καθα
993 1239 1056 1274 καὶ
1091 1232 1114 1274 ὁ

402 1296 602 1331 Ποσειδῶν
639 1295 847 1340 σεισίχθων
882 1306 925 1330 τε
961 1291 1114 1340 λέγεται
1142 1282 1145 1350 ἱ
1228 1283 1282 1320 Cf·
1306 1283 1412 1320 COI'H·
1437 1286 1634 1328 1)-42-43·

402 1350 469 1388 καὶ
494 1348 697 1398 ἅσφάλιος,
730 1348 774 1386 τὸ
799 1348 872 1395 μὲν
897 1344 948 1393 ὡς
972 1348 1115 1396 ἐνοσίχ-

404 1411 490 1444 θων
514 1405 575 1444 διὰ
598 1405 688 1449 τοὺς
712 1403 904 1451 σεισμούς,
929 1406 973 1442 τὸ
998 1405 1039 1443 δὲ
1066 1402 1116 1449 ὠς

404 1459 628 1504 συνεκτικός
653 1467 718 1508 τῆς
734 1466 806 1508 γῆς
821 1459 905 1507 ἤτοι
923 1457 1113 1508 γαιήοχος.

403 1513 505 1555 οὕτω
535 1519 596 1554 καὶ
627 1513 649 1554 ὁ
682 1519 825 1564 Φοῖβος
847 1512 1047 1554 Ἀπόλλων
1072 1530 1113 1553 τε

402 1573 468 1610 καὶ
491 1571 765 1620 κουροτρόφος.

514 1703 592 1741 Vel
629 1702 753 1752 primo
793 1701 929 1740 obtutu
968 1704 1134 1752 apparet
1169 1701 1392 1751 explicandi
1419 1702 1617 1751 rationem,
1653 1713 1730 1751 qua
1758 1702 1892 1741 Eusta-

402 1770 506 1810 thius
555 1770 692 1818 utitur,
731 1769 893 1809 eandem
933 1781 1018 1808 esse
1057 1772 1174 1819 atque
1212 1768 1465 1820 Apollodori,
1505 1781 1619 1818 quam
1655 1781 1676 1808 e
1709 1770 1896 1809 Macrobii

403 1839 674 1878 Saturnalibus
693 1838 722 1886 I,
740 1838 804 1887 17,
820 1838 874 1876 33
905 1838 1185 1887 cognoscimus.

515 1916 594 1956 Sed
629 1916 744 1955 etiam
779 1916 875 1954 alibi
905 1915 1077 1954 eiusdem
1106 1915 1224 1954 fontis
1254 1916 1474 1966 complures
1501 1916 1542 1953 in
1569 1918 1700 1966 partes
1730 1916 1893 1955 derivati

401 1986 550 2024 rivulos
584 1984 767 2034 persequi
805 1994 1029 2033 possumus:
1069 1984 1163 2022 satis
1192 1984 1294 2022 enim
1325 1986 1382 2022 est
1412 1994 1497 2022 cum
1528 1983 1697 2023 Cornuto
1726 1996 1763 2033 p.
1785 1984 1891 2031 23,6

403 2053 587 2091 Proclum
615 2063 858 2102 comparare,
894 2062 1009 2100 quem
1040 2050 1270 2090 Hefermehl
1297 2052 1374 2090 iam
1405 2051 1454 2090 de
1483 2052 1723 2100 cognominis
1754 2043 1891 2104 ἀργει-

403 2116 573 2173 φόντης
598 2119 856 2169 explicatione
881 2119 1055 2168 protulit,
1080 2121 1122 2156 nt
1141 2119 1269 2157 statim
1289 2119 1488 2167 utriusque
1510 2118 1711 2157 doctrinae
1731 2118 1892 2157 eandem

403 2187 592 2238 originem
620 2197 718 2226 unus
749 2186 912 2236 quisque
941 2186 1166 2236 intellegat:

449 2284 542 2331 Lyd.
568 2284 615 2320 de
637 2294 749 2320 mens.
773 2283 827 2320 IV
841 2287 883 2319 76
906 2295 943 2329 p.
962 2285 1026 2319 128
1039 2283 1114 2319 W.:
1231 2284 1335 2322 Corn.
1351 2295 1387 2330 p.
1405 2286 1459 2330 23,
1473 2287 1510 2320 6:
1537 2281 1580 2319 ἐκ
1598 2281 1637 2321 δὲ
1655 2282 1785 2326 Μαίας
1802 2278 1894 2329 ἔφα-

404 2341 492 2387 περὶ
524 2338 564 2377 δὲ
588 2336 732 2386 <αὖτῆς>
754 2334 775 2376 ὁ
798 2333 977 2385 Πρόκλος
1000 2338 1116 2385 φησὶν
1185 2352 1257 2376 σαν
1287 2342 1545 2386 γεγεννῆσθαι
1577 2338 1641 2375 Δι’ὶ·
1667 2335 1736 2375 τόν
1754 2334 1894 2386 Ἑρμῆν

405 2392 547 2437 οὕτως·
584 2391 623 2441 “ἧ
658 2392 768 2431 Malo}
801 2393 906 2430 ἐστιν
938 2391 960 2440 ἦ
992 2393 1039 2430 τὰ
1073 2392 1115 2432 ἐν
1182 2391 1462 2441 ὑποδηλοῦντες
1505 2391 1620 2431 πάλιν
1658 2393 1718 2431 διὰ
1755 2392 1893 2432 τούτου

405 2452 547 2498 α’φανεῖ
559 2449 801 2498 κεκρυμμένα
819 2453 872 2493 εἰς
888 2449 931 2487 τὸ
948 2449 1115 2497 ἐμφανὲς
1183 2452 1348 2498 θεωρίας
1388 2452 1450 2487 καὶ
1493 2448 1684 2496 ζητήσεως
1726 2450 1894 2498 γέννημα

520 2613 547 2656 ¹)
572 2607 691 2656 λόγον
717 2607 941 2646 ἐνδιάθετον
965 2610 1108 2647 Heracl.
1130 2621 1166 2656 p.
1183 2613 1293 2656 95,15
1318 2611 1496 2647 Mercurio
1521 2611 1756 2648 subterraneo
1780 2611 1895 2648 vindi·

405 2671 480 2711 cat3
504 2667 719 2703 Plutarchus
734 2667 857 2704 Moral.
882 2678 917 2711 p.
935 2670 996 2702 177
1012 2667 1042 2702 Β
1060 2677 1141 2702 eum
1156 2667 1334 2712 Mercurii,
1360 2668 1422 2712 qui
1437 2662 1593 2712 ἡγεμών
1609 2668 1894 2713 cognominetur,

405 2724 541 2759 donum
558 2726 684 2759 censet
699 2733 790 2767 esse,
808 2718 926 2767 λόγον
942 2719 1183 2769 προφορικὸν
1198 2725 1319 2758 autem
1335 2719 1506 2769 διάκτορι
1518 2723 1653 2759 tribuit.
1685 2723 1741 2760 cf.
1754 2723 1894 2759 Aelian.

405 2779 486 2816 hist.
511 2789 566 2815 an.
591 2779 625 2814 X
642 2781 695 2815 29.
743 2779 1000 2824 Reitzenstein,
1025 2778 1120 2815 Zwei
1143 2778 1207 2815 rel.
1232 2779 1372 2826 Fragen
1395 2790 1431 2825 p.
1449 2783 1491 2815 72
1504 2790 1559 2826 sq.
