2096 3129
407 178 463 221 68

407 289 559 329 dicatae
594 292 703 337 sunt;
742 301 868 339 neque
903 289 1036 330 dubito
1066 290 1259 330 Adonidis
1288 291 1621 341 explanationem,
1661 302 1774 340 quem
1805 289 1898 330 Cor-

406 359 532 405 nutus,
562 359 604 396 ut
632 359 749 396 antea
779 352 929 412 Κόρην
958 358 1233 408 interpretatus
1264 360 1324 397 est
1350 350 1433 412 τὴν
1460 355 1585 411 μέχρι
1614 352 1755 411 κόρου
1783 348 1898 410 ὕλην

406 422 667 477 τρέφεσθαι,
712 425 910 474 intellegit
955 420 1262 478 Δημητριακὸν
1306 419 1483 477 καρπόν
1521 424 1741 463 hominibus
1781 423 1898 462 valde

404 490 631 541 iucundum,
672 484 800 532 eid'em
834 491 1017 533 tribuere.
1075 491 1250 533 Eandem
1284 492 1472 532 rationem
1502 490 1828 543 deprehendimus
1857 491 1898 530 in

405 558 508 606 Lydi
547 559 596 597 de
635 570 755 597 mens.
790 559 867 598 his:
906 552 934 614 ἢ
964 551 1025 606 ὥς
1057 554 1209 607 ἄλλοις
1239 558 1380 608 δοκεῖ,
1405 553 1583 606 Ἄδωνις
1610 557 1693 611 μέν
1723 556 1841 599 ἐστιν
1872 554 1896 598 ὁ

404 620 591 679 καρπός,
616 619 738 681 Ἄρης
767 624 815 667 δὲ
845 621 870 668 ὁ
902 626 1003 675 σῦς·
1036 625 1253 680 πολέμιον
1284 625 1331 668 δὲ
1360 621 1413 667 τὸ
1444 626 1562 678 ζῶον
1581 631 1674 675 τοῖς
1696 631 1898 680 καρποῖς,

405 686 558 744 ὥσπερ
610 690 825 747 σωτήριος
875 693 982 742 βοῦς
1032 695 1084 743 (p.
1115 695 1205 741 116,
1223 695 1246 731 6
1264 694 1341 743 W).
1413 695 1556 733 Similis
1605 696 1663 732 est
1706 693 1899 742 allegoria

405 759 601 799 Adonidis
646 761 695 799 ab
736 772 831 811 apro
870 761 1060 811 percussi,
1106 772 1220 811 quam
1260 760 1450 800 Cornutus
1496 759 1683 809 adnectit3
1728 772 1813 799 cum
1852 760 1898 798 iis

406 831 551 876 autem,
591 829 729 878 quibus
760 840 855 878 aper
883 830 966 878 ipse
996 829 1036 866 in
1066 829 1295 878 allegoriam
1327 829 1486 878 cogitur,
1528 827 1812 878 comparandus
1841 830 1900 867 est

405 895 639 935 Plutarchus
668 894 841 945 (Quaest.
871 896 1023 935 conviv.
1043 896 1099 934 IV
1127 907 1164 945 p.
1187 896 1300 945 670):
1330 892 1414 948 τὴν
1445 893 1492 936 δὲ
1521 884 1578 936 ὗν
1606 889 1694 936 ἀπὸ
1712 893 1899 948 χρηστῆς

406 959 549 1009 αἰτίας
574 962 787 1015 τιμᾶσθαι
820 960 1023 1015 λέγουσι·
1054 958 1210 1016 πρώτη
1237 955 1317 1036 γὰρ
1349 960 1531 1016 σχίσασα
1559 961 1624 1016 τῷ
1652 957 1896 1014 προύχοντι

404 1028 484 1082 τῆς
509 1025 680 1084 ὀρυχῆς,
706 1022 766 1077 ὥς
785 1039 906 1081 φασι,
931 1026 1014 1085 τὴν
1035 1029 1118 1085 γῆν
1138 1026 1259 1083 ἴχνος
1279 1022 1473 1106 ἀρόσεως
1495 1024 1629 1084 ἔθηκε
1650 1026 1725 1069 καὶ
1744 1022 1797 1069 τὸ
1817 1026 1897 1082 τῆς

405 1088 547 1144 ύνεως
584 1092 847 1150 ὑφηγήσατο
888 1092 1046 1150 ἔργον·
1089 1089 1200 1137 ὅθεν
1239 1095 1315 1137 καὶ
1353 1109 1553 1150 τουνομα
1594 1094 1799 1150 γενέσθαι
1833 1095 1898 1150 tq?

405 1160 621 1218 ἐργαλείῳ
652 1162 858 1218 λέγουσιν
889 1158 977 1206 ἀπὸ
1009 1164 1088 1218 τῆς
1109 1159 1202 1212 ὑός.
1252 1164 1406 1204 Deinde
1427 1163 1619 1204 Cornutus
1639 1174 1764 1203 mores
1784 1163 1897 1203 ritus-

405 1243 480 1281 que
511 1232 699 1282 quosdam
729 1234 768 1271 et
798 1232 880 1272 dies
910 1232 1029 1272 festos
1050 1232 1100 1271 ad
1122 1233 1302 1272 Cererem
1322 1232 1527 1272 colendam
1546 1232 1741 1272 institutos
1761 1232 1896 1282 tangit.

404 1299 489 1339 Hoc
529 1303 657 1339 autem
696 1300 784 1339 loco
824 1312 904 1339 non
943 1300 1084 1349 solnm,
1128 1311 1228 1349 quae
1268 1299 1371 1350 apud
1410 1298 1698 1350 Apollodorum
1739 1299 1897 1347 invenit,

404 1367 522 1405 valde
567 1367 761 1406 contraxit
805 1370 844 1405 et
887 1367 1120 1415 decurtavit,
1165 1367 1234 1405 sed
1276 1367 1397 1417 ipsius
1440 1366 1647 1405 verborum
1691 1368 1895 1406 contextus

403 1434 624 1474 foedissime
669 1437 872 1485 corruptus
917 1437 990 1481 est,
1034 1438 1076 1474 ut
1120 1434 1302 1484 quidnam
1342 1435 1455 1482 velit,
1499 1434 1567 1473 vix
1606 1435 1689 1473 erui
1727 1435 1895 1484 possit.1)

403 1502 545 1540 Verum
576 1504 706 1540 tamen
734 1504 839 1541 recte
870 1501 1056 1540 iudicavit
1084 1501 1220 1540 Rohde
1253 1501 1324 1541 Rh.
1345 1501 1395 1540 M.
1417 1501 1481 1550 25,
1509 1514 1547 1552 p.
1569 1501 1667 1540 557:
1703 1500 1812 1551 „dass
1833 1500 1896 1540 die

402 1567 582 1623 νηστεία
621 1582 672 1607 an
706 1569 777 1608 das
807 1570 951 1608 Fasten
980 1569 1050 1608 der
1080 1569 1261 1608 Demeter
1290 1569 1414 1609 selbst
1443 1569 1626 1608 erinnern
1655 1569 1790 1617 sollte,
1829 1570 1896 1608 be-

403 1636 547 1675 richtet
576 1636 688 1676 Corn.
719 1635 767 1675 de
797 1639 875 1674 nat.
906 1636 1011 1675 deor.
1041 1648 1078 1686 p.
1102 1637 1180 1674 116
1198 1635 1262 1675 Os.
1293 1637 1361 1685 (=
1385 1635 1450 1684 55,
1469 1636 1520 1674 10
1537 1636 1597 1685 L.)
1634 1635 1763 1674 sicher
1790 1635 1897 1675 nicht

404 1715 473 1742 aus
512 1704 669 1753 eigener
698 1703 950 1753 Erfindung“.
1010 1704 1191 1753 Suspicor
1230 1706 1357 1742 autem
1387 1703 1548 1753 integris
1579 1702 1738 1742 Cornuti
1766 1703 1896 1742 verbis

403 1771 528 1809 simile
582 1772 726 1809 lectum
781 1770 900 1810 fuisse
956 1782 1002 1809 ac
1050 1770 1154 1820 quod
1202 1770 1420 1820 Stephanus
1468 1771 1562 1819 Byz.
1608 1782 1636 1808 s.
1668 1782 1705 1809 v,
1745 1763 1897 1823 Ἀρκάς

405 1838 577 1878 exhibet:
634 1834 969 1892 Ἀπολλόδωρος
1034 1835 1084 1879 ἐν
1140 1837 1205 1892 τῷ
1253 1836 1354 1892 περὶ
1413 1837 1539 1879 θεῶν
1596 1833 1895 1891 ἑκκαιδεκάτῳ

402 1904 562 1959 βιβλίῳ
611 1904 715 1958 περὶ
766 1900 993 1959 Δήμητρός
1037 1914 1189 1959 φησιν,
1241 1897 1310 1945 ὅτι
1349 1897 1550 1958 Ἀρκάδια
1599 1904 1654 1957 τῇ
1703 1900 1896 1960 Δήμητρι

402 1972 642 2027 μέλλοντες
681 1968 815 2014 θύειν
851 1968 1091 2026 ἄνθρωποι
1127 1969 1296 2028 ταύτην
1330 1970 1413 2027 γὰρ
1448 1969 1534 2027 τὴν
1568 1970 1736 2013 θυσίαν
1771 1982 1894 2013 συνε-

403 2038 622 2096 στήσαντο
675 2035 784 2093 μετὰ
835 2037 917 2080 τὸν
960 2041 1148 2093 πρῶτον
1192 2036 1378 2093 σπόρον,
1424 2034 1493 2080 ὅτι
1538 2038 1671 2094 αὐτῆς
1722 2037 1771 2079 ἐκ
1819 2040 1896 2093 τῆς

403 2106 482 2164 γῆς
526 2102 681 2162 ἔμολεν
721 2103 745 2150 ὁ
787 2101 960 2162 καρπὸς
998 2104 1058 2157 εἰς
1096 2104 1270 2164 τροφὴν
1310 2105 1384 2149 καὶ
1424 2103 1611 2162 σπόρον,
1657 2104 1731 2148 καὶ
1773 2097 1894 2149 οὕτω

402 2172 458 2215 τὰ
484 2168 688 2229 Ἀρκάδια
723 2175 850 2230 τιμῆς
882 2171 1023 2229 χάριν,
1084 2177 1178 2215 Cum
1213 2177 1276 2224 iis,
1316 2187 1415 2225 quae
1445 2176 1635 2215 Cornutus
1666 2175 1714 2213 de
1744 2175 1896 2222 Cerere,

518 2355 548 2400 ¹)
571 2355 702 2392 Verbis
734 2350 796 2390 διοὶ
827 2358 896 2390 τοῦ
926 2351 1023 2401 πρὸς
1053 2354 1144 2398 μίαν
1167 2350 1316 2401 ἡμέραν
1341 2349 1553 2400 ἀπέχεσθαι
1576 2356 1654 2390 τῶν
1678 2348 1894 2397 δεδομένων

403 2407 533 2453 αὐτοῖς
568 2412 715 2448 videtur
749 2413 902 2456 exponi,
938 2411 1123 2456 quomodo
1158 2411 1375 2456 celebretur,
1409 2411 1532 2447 verbis
1567 2403 1653 2445 κατ’
1689 2404 1895 2455 εὐλάβειαν

404 2464 567 2511 ἐνδείας,
597 2478 704 2513 quam
727 2468 775 2503 ad
798 2467 961 2504 fabulum
983 2478 1124 2503 sacram
1147 2466 1323 2504 referatur
1346 2467 1424 2503 dies
1447 2466 1648 2510 sollemnis;
1682 2475 1793 2511 quare
1817 2475 1894 2501 cre-

402 2525 556 2560 diderim
589 2525 698 2560 etiam
728 2519 769 2569 ἦ,
800 2524 901 2569 quod
930 2528 1014 2560 ante
1044 2519 1129 2559 κατ’
1161 2517 1366 2570 εὐλάβειαν
1396 2523 1539 2569 legitur,
1571 2522 1769 2558 delendum
1801 2531 1893 2557 esse.

402 2580 498 2623 Quid
526 2590 615 2616 vero
646 2579 759 2616 verba
790 2580 904 2616 velint
934 2576 1311 2626 παρεισεληλυθότος
1343 2581 1412 2614 τοῦ
1435 2580 1531 2614 θεοῦ
1555 2588 1628 2614 ιιοιι
1651 2576 1893 2623 intellegitur:

400 2636 555 2672 fortasse
587 2639 655 2682 τῆς
679 2638 777 2672 θεοῦ
801 2635 1033 2672 scribendum
1058 2640 1096 2671 et
1119 2647 1201 2671 cum
1224 2645 1317 2671 voce
1342 2632 1486 2676 ἐνδείας
1509 2632 1801 2679 coniungendam
1825 2636 1894 2678 est,

401 2687 775 2738 παρεισεληλυθότος
797 2694 918 2728 autem
941 2694 1137 2737 utcumque
1160 2691 1208 2727 ad
1232 2701 1284 2736 ea,
1310 2700 1403 2737 quae
1419 2693 1627 2736 sequuntur,
1651 2687 1892 2733 referendum,

401 2748 470 2784 etsi
492 2748 620 2784 horum
644 2759 790 2794 quoque
815 2748 862 2784 de
884 2758 992 2784 sensu
1016 2759 1088 2784 non
1112 2750 1266 2784 constat.
