2096 3129
369 151 422 189 26

367 263 624 314 pretationem
645 275 708 301 vv.
731 262 956 301 190-193
984 261 1196 302 similitudo
1218 263 1377 303 Cornuti
1395 275 1431 314 p.
1453 263 1490 312 3,
1510 263 1561 301 18
1572 273 1654 313 sqq.
1675 261 1859 302 adnotata

367 334 445 371 est:
476 332 619 370 rectius
649 333 776 369 autem
807 329 976 369 editores
1000 330 1182 379 legentes
1209 331 1459 381 delegassent
1477 330 1528 370 ad
1548 331 1662 371 Corn.
1681 343 1719 381 p.
1739 331 1777 379 3,
1794 330 1857 369 13.

366 399 466 438 Nam
502 398 646 448 optime
680 397 918 448 respondent
946 398 1177 437 Heraclitea
1205 398 1323 438 haec:
1362 397 1437 439 καὶ
1465 397 1520 451 τῇ
1547 396 1630 451 μὲν
1657 392 1857 451 πυρώδει

367 461 496 517 φύσει
522 461 670 506 τόπον
690 461 861 518 ἔνειμεν
881 461 1083 517 οὐρανόν
1102 465 1359 517 Cornutianis‚
1389 479 1488 517 quae
1508 478 1544 516 p.
1566 467 1603 514 3,
1623 467 1673 504 13
1694 468 1857 512 exstant,

365 533 444 572 his:
491 530 632 572 οἰκεῖν
672 530 720 573 δὲ
760 530 809 572 ὲν
848 532 913 586 τῷ
955 528 1136 586 οὐρανῷ
1177 531 1370 586 λέγεται,
1411 531 1505 574 ἐπεὶ
1545 530 1637 574 ἐκεῖ
1673 529 1764 573 ἐστι
1801 529 1855 573 τὸ

300 591 302 593 ’
365 595 645 653 κυριώτατον
679 598 811 654 μέρος
847 599 924 655 τῆς
960 599 1043 640 τοῦ
1077 594 1250 653 κόσμου
1284 601 1425 657 ψυχῆς
1447 611 1456 621 ·
1493 599 1568 642 καὶ
1606 597 1689 654 γὰρ
1731 596 1775 640 αἱ
1808 591 1856 654 ἡ-

362 666 540 722 μέτεραι
570 666 707 722 ψυχαὶ
732 667 825 721 πῦρ
848 665 971 709 εἰσιν.
1016 668 1198 717 Sequitur
1216 668 1512 709 Reinhardtium
1532 669 1630 709 haec
1649 668 1750 708 falso
1770 679 1856 708 cum

363 737 466 776 Iovis
497 738 768 787 cognominum
798 737 1131 787 interpretationis
1160 737 1271 775 initio
1302 738 1564 785 coniunxisse;
1594 737 1747 777 videtur
1765 748 1854 788 pro-

363 805 532 844 babilius
569 817 653 844 esse
690 805 787 844 olim
822 804 1044 845 cohaesisse
1072 817 1110 856 p.
1132 805 1330 853 3‚8—13
1363 802 1615 855 Δία-Διός
1650 808 1689 845 et
1716 818 1753 856 p.
1775 805 1853 856 9‚4

364 871 713 927 νεφεληγερέτην
741 887 835 914 κ.τ.
854 874 891 914 λ.

476 941 688 981 Cornutum
716 940 782 980 hic
811 952 965 991 quoque
994 941 1065 979 illo
1096 953 1144 980 ex
1173 941 1468 980 Homericarum
1496 941 1855 992 interpretationum

362 1019 480 1058 opere
524 1008 697 1058 pendere
741 1008 817 1048 hac
861 1009 1092 1058 cognatione
1135 1009 1498 1058 interpretationum
1541 1009 1646 1060 apud
1688 1021 1774 1048 eum
1817 1012 1856 1047 et

362 1076 605 1115 Heraclitum
641 1076 842 1115 obviatum
877 1088 956 1115 non
985 1088 1056 1127 pro
1087 1078 1192 1115 certo
1222 1076 1426 1126 probatur3
1465 1088 1592 1127 neque
1622 1077 1722 1116 enim
1752 1076 1855 1127 apud

362 1157 449 1183 eum
494 1145 702 1194 quicquam
751 1146 895 1195 legitur
939 1145 988 1183 de
1031 1147 1151 1193 terra,
1196 1156 1297 1194 quae
1342 1145 1448 1196 apud
1490 1146 1730 1184 Heraclitum
1774 1147 1855 1184 ele-

361 1214 531 1251 mentum
575 1213 820 1262 intellegitur
858 1213 1035 1251 omnibus
1082 1211 1140 1251 dis
1179 1223 1397 1260 commune,
1436 1224 1564 1262 neque
1602 1213 1643 1251 in
1682 1213 1855 1252 versibus

360 1280 576 1319 Homericis
604 1280 700 1330 ipsis
729 1282 796 1318 aut
825 1279 931 1330 apud
958 1280 1200 1319 Heraclitum
1230 1280 1389 1318 Iunonis
1418 1280 1477 1318 vis
1505 1281 1694 1330 tangitur3
1724 1292 1854 1330 quam-

361 1361 477 1398 quam
515 1359 594 1386 non
633 1360 772 1398 negem
805 1347 1015 1387 Cornutum
1055 1360 1140 1387 eam
1176 1359 1225 1386 ex
1260 1348 1348 1386 aliis
1383 1348 1477 1386 talis
1507 1348 1727 1398 compendii
1755 1348 1855 1387 locis

360 1415 478 1455 facile
518 1416 691 1465 arripere
734 1416 924 1466 potuisse:
968 1415 1106 1454 similis
1146 1415 1247 1453 enim
1286 1417 1346 1454 est
1384 1415 1653 1465 interpretatio
1691 1415 1855 1465 physica

361 1484 472 1523 Jovis
513 1495 600 1522 cum
638 1484 786 1523 Iunone
815 1484 858 1522 in
885 1483 958 1522 Ida
987 1483 1295 1522 concumbentis:
1332 1482 1380 1522 cf.
1411 1483 1566 1522 Heracl.
1595 1496 1632 1533 p.
1654 1483 1717 1522 57.
1765 1484 1856 1523 Vita

361 1552 474 1590 Hom.
509 1563 542 1590 c.
569 1552 674 1601 96.1)
741 1552 787 1590 In
826 1552 974 1590 incerto
1013 1551 1130 1600 igitur
1170 1551 1368 1600 relinquo,
1411 1550 1515 1589 unde
1555 1550 1744 1590 Cornutus
1782 1551 1853 1591 has

361 1620 575 1669 allegorias
613 1618 802 1667 hauserit;
841 1618 1005 1658 fortasse
1045 1619 1117 1658 ino
1153 1618 1382 1669 compendio
1411 1618 1542 1658 Stoico
1573 1617 1854 1659 adscribendae

360 1689 461 1735 sunt,
491 1686 541 1726 de
571 1698 648 1736 quo
677 1686 780 1725 infra
808 1687 928 1726 verba
956 1686 1107 1726 faciam.
1155 1686 1202 1725 Id
1221 1698 1317 1726 vero
1338 1685 1456 1725 valde
1475 1686 1560 1725 veri
1587 1685 1774 1726 dissimile
1795 1690 1852 1726 est

361 1766 428 1793 eas
459 1766 509 1793 ex
539 1754 675 1793 eodem
706 1766 824 1804 opere
855 1754 1102 1804 depromptas
1133 1765 1218 1793 esse
1248 1756 1365 1803 atque
1394 1755 1507 1791 illum
1537 1755 1852 1793 commentarium

360 1822 616 1872 Theogoniae
645 1821 875 1862 Hesiodeae.

474 1890 552 1929 Sed
595 1890 737 1929 obiciat
775 1891 966 1941 quispiam
1010 1890 1147 1929 miram
1185 1890 1298 1928 illam
1337 1889 1493 1928 Saturni
1533 1889 1698 1928 nominis
1736 1890 1850 1929 inter-

359 1960 628 2010 pretationem,
664 1971 765 2008 quae
794 1959 891 1998 alibi
918 1971 997 1998 non
1025 1959 1180 2008 legitur,
1210 1970 1413 1998 occurrere
1443 1960 1482 1997 et
1510 1958 1551 1996 in
1578 1959 1851 1997 commentario

359 2026 614 2077 Theogoniae
654 2025 874 2066 Hesiodeae
914 2029 954 2065 et
982 2027 1023 2065 in
1052 2026 1251 2076 allegoriis
1282 2025 1452 2076 capitum
1483 2025 1615 2064 3—5.
1673 2025 1851 2066 Concedo

359 2095 462 2132 hanc
497 2106 578 2132 rem
613 2094 756 2132 habere
792 2094 940 2142 aliquid
975 2093 1239 2140 difficultatis;
1278 2105 1412 2131 verum
1446 2096 1577 2131 tamen
1611 2092 1773 2132 fortasse
1803 2106 1852 2132 ex

359 2174 405 2201 eo
445 2160 622 2212 expediri
660 2163 805 2211 potest,
845 2161 949 2210 qnod
979 2161 1189 2201 Cornutum
1227 2161 1354 2211 ipsum
1393 2160 1505 2198 illam
1543 2160 1699 2200 Saturni
1734 2161 1851 2200 inter-

358 2230 616 2279 pretationem
653 2240 675 2266 e
711 2229 878 2277 capitum
909 2229 1027 2267 2-5
1058 2228 1163 2267 fonte
1199 2229 1240 2266 in
1269 2227 1585 2266 commentarium
1614 2227 1848 2267 Hesiodeum

358 2358 512 2401 πόσεως
545 2362 757 2402 Ποσειδῶν,
787 2356 907 2404 Ἅιδης
945 2359 985 2397 δὲ
1018 2356 1041 2395 ό
1074 2357 1146 2405 ἀὴρ
1177 2357 1280 2405 παρά
1314 2357 1359 2394 τό
1394 2356 1595 2394 σκοτεινόν
1625 2358 1690 2394 καὶ
1723 2355 1850 2402 ἀειδὲς.

357 2417 461 2453 Eust.
491 2428 527 2463 p.
553 2419 651 2463 1011,
672 2419 714 2453 58
752 2413 847 2459 Ζεὺς
880 2413 952 2461 μέν
988 2413 1092 2453 ἐστιν
1123 2414 1144 2452 ὁ
1178 2418 1334 2452 διοικῶν
1365 2410 1413 2451 τοὶ
1446 2411 1570 2451 πάντα
1600 2411 1780 2466 λόγοςἎῆἱ
1804 2414 1848 2459 τὸ

358 2470 595 2520 ἡγεμονικὸν
625 2477 694 2509 τοῦ
723 2470 872 2517 κόσμου
901 2470 1006 2520 παρὰ
1029 2470 1074 2509 τὸ
1101 2475 1178 2519 ζῆν.
1225 2477 1295 2509 τοῦ
1321 2473 1388 2518 ζῆν
1410 2469 1485 2518 γὰρ
1509 2467 1624 2515 αὕτός
1647 2467 1764 2517 αἴτιος
1788 2502 1796 2510 .
1814 2503 1821 2511 .
1841 2502 1849 2511 .

358 2531 558 2566 Ποσειδῶν
582 2528 622 2566 δὲ
648 2526 695 2565 τό
718 2526 878 2575 συνέχον
902 2525 1024 2565 αἴτιον
1040 2527 1108 2575 τήν
1125 2527 1363 2574 θάλλασσαν,
1390 2524 1474 2565 ἐπεὶ
1492 2525 1646 2572 πόσεως
1661 2524 1800 2573 αἴτιος.
1817 2559 1824 2567 .
1843 2557 1850 2565 .

351 2582 544 2629 Ἀϊδωνεὺς
574 2584 614 2623 δὲ
646 2587 711 2622 καὶ
731 2581 844 2632 Ἀΐδης
870 2581 891 2622 ὂ
915 2581 990 2623 ὑπὸ
1016 2588 1089 2633 γῆν
1112 2584 1263 2633 λέγεται
1288 2581 1361 2632 ἇήρ
1385 2581 1492 2632 παροὶ
1514 2580 1558 2621 τό
1585 2581 1642 2622 ἇω
1667 2582 1712 2623 to*
1736 2585 1848 2628 πνέω,

355 2644 421 2679 καὶ
450 2636 566 2685 αὐτός
596 2638 617 2678 ὁ
652 2639 782 2684 ἁπλῶς
814 2638 898 2689 ἀήρ.
944 2643 1046 2679 Haec
1077 2653 1122 2679 ex
1151 2643 1230 2679 aliis
1259 2641 1386 2678 rivulis
1417 2641 1577 2678 eiusdem
1606 2642 1671 2679 lati
1692 2642 1849 2680 fluminis

354 2701 601 2736 manaverunt.

469 2779 497 2824 ι)
521 2777 576 2816 Cf.
602 2777 710 2815 etiam
732 2777 846 2813 schol.
871 2777 932 2814 *Β.
960 2778 989 2812 O
1005 2780 1058 2815 21.
1105 2776 1310 2814 Reinhardt
1333 2787 1372 2822 p.
1391 2779 1449 2812 78.
