2096 3129
1645 179 1698 217 29

214 304 285 332 usu
319 292 491 342 dicendi,
531 293 807 332 vocabulorum
843 293 971 344 copia,
1012 292 1289 332 sententiarum
1319 290 1700 330 conformationibus.

213 361 325 399 Haec
354 360 420 410 qui
447 361 488 399 in
517 373 633 400 unum
662 361 842 401 libellum
873 361 1080 412 compegit,
1109 361 1242 400 verine
1272 362 1331 399 est
1350 360 1475 399 simile
1495 372 1581 399 eum
1601 359 1699 399 adeo

214 431 514 478 exaequaturum
545 428 674 477 fuisse,
704 432 746 468 ut
774 441 823 468 ne
850 429 1054 479 vestigium
1076 427 1231 478 quidem
1252 427 1489 467 diversarum
1509 428 1700 477 originum

213 496 457 546 perspicuum
487 496 617 536 esset?
671 497 847 536 Eundem
877 509 960 536 esse
989 507 1098 535 usum
1129 495 1283 535 dicendi
1311 508 1382 546 per
1410 507 1541 534 omnes
1560 496 1700 544 libelli,

213 564 279 612 qui
309 566 483 602 servatus
514 566 582 612 est,
612 567 753 614 partes,
782 564 909 613 quivis
940 575 1026 602 eum
1055 563 1316 613 perlustrabit,
1345 562 1463 601 facile
1483 563 1700 612 intelleget.

214 629 291 669 Sed
334 633 478 680 quanta
521 631 570 670 sit
613 632 788 681 aequitas
828 634 867 670 et
906 631 1139 679 constantia,
1178 630 1419 681 perlucidum
1458 629 1500 668 fit
1538 630 1700 679 singulis

215 698 458 748 comparatis.
516 698 798 748 Contempleris
829 709 972 747 quaeso
1002 697 1120 737 haec:

326 823 362 861 p.
390 810 427 859 4,
456 811 491 858 2,
518 811 554 858 3,
582 811 608 849 4
645 804 672 865 ἦ
707 802 968 865 τοι-ἦ-ἦ
1007 809 1055 849 ef.
1093 822 1130 860 p.
1161 811 1223 858 13,
1254 811 1316 858 12,
1347 810 1408 857 14,
1441 809 1501 848 15.
1548 809 1612 857 57,
1635 810 1699 857 21,

485 878 549 927 58,
568 880 587 917 1
626 878 852 929 (secundum
892 890 993 927 eam,
1033 889 1147 928 quam
1182 889 1298 928 supra
1332 878 1532 928 proposui,
1571 889 1698 917 emen-

485 945 708 997 dationem).
1457 976 1461 981 .

325 1026 362 1064 p.
390 1013 501 1062 4,10
540 1011 589 1054 ἐκ
627 1013 703 1069 τῆς
742 1011 967 1068 εἰρημένης
1003 1012 1265 1067 μεταβολῆςι
1310 1012 1359 1052 de
1396 1025 1469 1052 usu
1507 1013 1701 1063 participii

484 1079 708 1135 εἰρημένος
745 1083 822 1120 iam
861 1093 978 1131 supra
1016 1094 1054 1131 p.
1079 1083 1129 1119 12
1166 1081 1232 1129 (ad
1262 1081 1374 1120 Corn.
1403 1093 1440 1130 p.
1461 1081 1527 1128 43,
1544 1081 1699 1129 8—14)

483 1148 575 1196 dixi,
603 1143 822 1204 μεταβολή
851 1149 1015 1188 recurrit
1043 1161 1079 1199 p.
1101 1149 1137 1197 2,
1155 1149 1220 1189 20.
1260 1150 1297 1197 8,
1319 1148 1355 1187 5.
1396 1149 1457 1197 10,
1475 1148 1512 1190 5.
1553 1149 1618 1196 28,
1637 1149 1701 1187 12.

484 1218 630 1264 29,19.
659 1217 725 1264 40,
743 1218 780 1257 2.

326 1295 362 1333 p.
384 1283 490 1332 4,12
532 1276 655 1324 οὕτω
690 1284 923 1338 κληθεῖσα.
982 1284 1096 1323 Hunc
1131 1295 1239 1322 usum
1276 1282 1430 1322 dicendi
1467 1284 1543 1322 iam
1583 1294 1700 1333 supra

481 1351 667 1389 adnotavi
695 1351 848 1401 (eodem
877 1352 995 1400 loco).

326 1429 363 1467 p.
390 1417 427 1465 4,
452 1418 501 1455 13
546 1414 632 1458 εἴτε
674 1413 808 1471 λόγος
846 1415 952 1458 καθ’
990 1411 1043 1458 ὃν
1084 1415 1183 1458 ἰδίει
1224 1408 1251 1472 ἡ
1290 1413 1420 1468 φύσις
1451 1414 1582 1458 ἐστίν.
1641 1418 1698 1457 Cf.

483 1497 520 1535 p.
542 1486 606 1534 62,
628 1486 680 1523 23
720 1482 745 1526 ὁ
777 1482 825 1525 ἐν
854 1491 948 1533 τοῖς
979 1477 1101 1533 ὅλοις
1131 1480 1281 1538 λόγος,
1311 1478 1417 1525 καθ’
1446 1478 1500 1525 ὅν
1529 1486 1619 1535 (1100
1650 1486 1699 1524 de

484 1553 572 1592 loco
602 1552 737 1591 videas
765 1552 894 1603 infra).

326 1632 362 1670 p.
385 1621 421 1668 7,
439 1621 463 1658 2
493 1615 614 1660 πάνυ
645 1615 841 1667 εἰκότως.
892 1619 948 1659 Of.
978 1632 1078 1670 quae
1108 1620 1182 1659 hoc
1213 1619 1368 1659 deloco
1389 1632 1427 1670 p.
1449 1620 1473 1658 5
1504 1620 1596 1659 dixi.

326 1700 362 1737 p.
385 1689 420 1735 7,
440 1688 490 1726 15
514 1684 551 1727 εἰ
569 1684 627 1739 μὴ
647 1683 707 1735 ὡς
722 1684 794 1727 ἐπὶ
814 1685 1026 1740 θεμελίου
1047 1683 1211 1741 ταύτης
1230 1684 1429 1741 η’ρείσθη.
1469 1687 1525 1728 Cf.
1540 1701 1577 1738 p.
1596 1688 1698 1735 52,8

485 1751 558 1795 διὰ
592 1750 646 1795 τὸ
678 1751 748 1794 ἐπ’
776 1746 912 1808 αὐτῆς
941 1750 1103 1795 ὡσανεὶ
1133 1751 1205 1794 ἐπὶ
1235 1752 1447 1807 θεμελίου
1477 1751 1559 1795 τὸν
1589 1747 1698 1795 ὅλον

485 1817 663 1862 ἑστάναι
693 1817 861 1874 κόσμον
889 1821 956 1871 (cf.
987 1833 1104 1871 supra
1132 1833 1168 1871 p.
1189 1822 1266 1871 12).

336 1901 374 1939 p.
400 1889 437 1939 8,
458 1889 484 1927 4
513 1880 569 1944 ἢν
600 1885 652 1943 δὴ
683 1902 721 1928 κ.
738 1901 775 1929 τ.
793 1889 828 1928 λ.
888 1889 973 1928 Hoc
1012 1900 1166 1938 quoque
1201 1888 1250 1927 de
1285 1901 1357 1928 usu
1392 1888 1547 1928 dicendi
1584 1900 1702 1939 supra

483 1969 521 2007 p.
542 1957 566 1995 6
597 1956 664 2006 (ad
693 1956 805 1996 Corn.
834 1968 872 2007 p.
894 1957 1134 2007 9,10-11)
1165 1956 1369 2007 disputavi.

413 2026 450 2074 6,
469 2026 517 2064 11
545 2019 802 2078 μαρτύριον.
848 2024 905 2064 Of.
935 2037 972 2075 p.
994 2025 1059 2073 57,
1079 2025 1098 2062 1
1122 2020 1185 2072 οὖς
1212 2023 1441 2079 μαρτυρίῳ
1467 2021 1700 2079 χρώμενοι.

415 2094 491 2142 7,7
529 2084 626 2133 κατ’
655 2090 785 2133 ἰδίαν.
845 2091 902 2132 Of.
939 2105 976 2144 p.
998 2088 1062 2142 20,
1090 2093 1114 2131 9
1151 2092 1215 2142 (cf.
1246 2104 1362 2143 supra
1389 2105 1427 2143 p.
1448 2093 1472 2130 6
1509 2092 1559 2132 ad
1588 2093 1701 2133 Corn.

484 2173 521 2210 p.
543 2160 790 2208 20,5-14).

356 2259 364 2267 .
385 2229 450 2276 27,
473 2229 495 2266 9
529 2223 829 2281 διακόσμησιν.
889 2227 946 2268 Cf.
975 2240 1012 2278 p.
1035 2229 1100 2276 28,
1120 2229 1158 2267 8.
1189 2228 1253 2276 66,
1274 2228 1313 2267 4.

357 2296 451 2343 ,27,
472 2296 525 2332 20
553 2287 653 2349 μηδ’
683 2292 723 2335 εἴ
750 2308 792 2334 τι
827 2290 1164 2349 προσεπλάσθη.
1224 2295 1280 2334 Cf.
1316 2308 1352 2345 p.
1380 2295 1516 2343 54,14
1545 2305 1702 2348 προσε·

485 2358 667 2416 πλάσθη
690 2359 737 2403 δὲ
755 2353 782 2416 ἦ
804 2356 1020 2418 κατήφεια
1042 2361 1121 2416 τῆς
1141 2362 1268 2403 θεοῦ.
1313 2375 1352 2413 p.
1376 2364 1438 2411 17,
1457 2364 1508 2402 18
1530 2359 1702 2414 ἔξωθεν

484 2423 566 2485 ἤδη
600 2425 750 2483 τούτῳ
779 2428 1226 2482 προσπεπλασμένου.
1279 2430 1335 2469 Of.
1363 2431 1478 2469 etiam
1506 2444 1542 2480 p.
1565 2431 1700 2478 72,18

485 2491 863 2552 προσανεπλάσθη
895 2494 942 2537 δὲ
970 2493 1134 2551 τούτῳ.
1147 2499 1176 2547 ¹)

326 2575 363 2612 p.
391 2565 455 2611 28,
484 2566 508 2602 2
549 2560 785 2617 πλάσμασι.
855 2564 911 2603 Cf.
948 2577 986 2615 p.
1016 2565 1085 2613 34,
1112 2565 1160 2603 15
1200 2562 1253 2605 τὸ
1300 2563 1347 2605 δὲ
1389 2564 1467 2620 τῆς
1509 2563 1700 2618 μοιχείας

485 2628 678 2685 πλάσμα.

327 2027 409 2075 p.2

327 2093 410 2143 p.2

329 2789 357 2834 ¹)
380 2788 461 2824 Hoc
484 2788 635 2825 verbum
658 2789 930 2827 usitatissimum
954 2793 1011 2826 est
1035 2789 1135 2836 apud
1158 2789 1424 2835 Palaephatum.
