2096 3129
495 808 983 860 commentationis
1018 815 1415 865 argumentum.

229 934 255 968 I.
293 933 496 979 Quaeritur,
532 937 649 969 utrum
691 932 835 968 libellus
878 932 1027 968 Cornuti
1063 931 1207 967 nomine
1246 932 1308 977 qui
1338 931 1451 967 fertur
1487 942 1579 976 opus

292 991 487 1035 genuinum
510 991 557 1025 sit
579 999 625 1024 an
648 989 823 1034 epitome:
1453 985 1456 989 '

376 1050 402 1080 1.

372 1105 402 1137 2.

372 1273 401 1304 3.

371 1385 401 1417 4.

438 1045 570 1091 Agitur
593 1045 639 1080 de
663 1043 1001 1089 interpolationibus
1063 1069 1579 1079 ..........

437 1102 668 1137 Examinatur
696 1100 874 1136 sententia.
903 1099 1022 1136 Caroli
1044 1099 1256 1135 Reinhardti
1285 1100 1465 1135 censentis
1489 1110 1581 1145 opus

438 1158 586 1194 Cornuti
616 1160 847 1193 retractatum
880 1160 917 1192 et
945 1167 1026 1192 eum
1049 1156 1140 1193 alius
1162 1156 1276 1192 libelli
1298 1156 1462 1201 partibus
1486 1166 1581 1192 eom-

436 1214 584 1249 mixtum
610 1224 692 1249 esse
729 1239 1579 1248 ................

438 1269 627 1311 Quaeritur
658 1269 746 1314 quid
769 1268 854 1304 iude
877 1268 999 1313 colligi
1022 1269 1153 1313 possit,
1185 1268 1286 1313 quod
1308 1267 1451 1304 libellus
1475 1268 1581 1303 disei-

436 1326 560 1370 pulum
584 1325 631 1360 ad
653 1325 900 1360 instruendum
924 1325 1152 1370 conscriptus
1177 1329 1234 1360 est
1291 1352 1580 1360 ......

437 1381 480 1416 In
516 1381 632 1417 libelli
672 1380 973 1426 compositionem
1012 1384 1050 1416 et
1088 1380 1310 1426 singulorum
1349 1381 1506 1426 capitum
1545 1381 1581 1415 in

438 1437 714 1483 dispositionem
736 1437 928 1483 inquiritur
952 1464 1579 1473 ............

213 1505 260 1541 ΙΙ.
296 1505 428 1550 Agitur
451 1505 499 1541 de
521 1504 703 1541 fontibus:

374 1565 404 1596 1.

371 1619 404 1878 ,avr-‚0230

438 1561 495 1596 De
518 1561 734 1606 Apollodori
757 1562 843 1607 περὶ
867 1563 973 1596 θεῶν
995 1561 1096 1597 libris
1121 1587 1578 1596 .........

438 1617 494 1653 De
518 1617 735 1662 compendio
758 1616 882 1653 Stoico
952 1643 1578 1652 ............

438 1673 494 1709 De
518 1674 773 1709 commentario
798 1673 1014 1719 theogoniae
1037 1673 1241 1709 Hesiodeae
1290 1700 1578 1709 ......

438 1731 495 1766 De
518 1730 723 1775 compendii
746 1730 984 1776 mythologici
1007 1730 1173 1775 vestigiis
1234 1758 1578 1768 .......

439 1787 496 1822 De
519 1787 709 1823 Philoxeni
733 1787 917 1823 doctrinae
941 1787 1104 1833 vestigiis
1178 1814 1578 1822 ........

439 1843 495 1878 De
517 1843 561 1878 iis
584 1853 677 1888 quae
700 1843 859 1879 Cornuto
883 1844 951 1888 ipsi
974 1843 1166 1879 tribuenda
1188 1843 1358 1879 videntur
1382 1853 1464 1878 esse
1516 1871 1524 1878 .
1572 1870 1580 1878 .

440 1899 634 1935 Accedunt
675 1899 852 1945 quaedam
887 1899 934 1936 de
968 1900 1148 1936 nonnullis
1182 1899 1272 1936 locis
1307 1899 1427 1935 dubiis
1463 1903 1500 1935 et
1534 1899 1580 1935 de

438 1956 618 1993 nonnullis
641 1957 795 1993 vocibus
817 1957 997 1994 inusitatis
1065 1984 1579 1993 ..........

1625 894 1691 919 pag.

1651 1216 1690 1246 ‘21

1652 1330 1694 1359 30

1650 1440 1692 1472 32

1648 1564 1691 1596 44

1649 1620 1690 1651 79

1648 1676 1691 1708 92

1649 1733 1692 1764 1³6

1649 1790 1691 1821 97

1650 1847 1692 1878 98
