2096 3129
1622 113 1673 152 99

197 227 334 280 capitis
358 226 420 275 14,
449 237 525 276 quo
554 225 604 265 de
622 225 741 265 Musis
769 226 907 276 agitur,
936 225 1135 265 exordium
1164 228 1270 265 certe
1299 237 1378 265 non
1407 226 1512 265 omni
1532 237 1553 264 e
1573 227 1682 276 parte

197 293 501 345 Apollodoreum
530 292 594 341 (cf.
623 289 774 346 ἐπειδὴ
804 291 878 332 καὶ
906 292 1000 332 τῶν
1028 288 1142 332 κατὰ
1170 291 1376 333 παιδείαν
1405 287 1682 346 μαθημάτων

197 353 330 410 αὐτὸς
367 351 592 416 εἰσηγητὴς
631 354 833 414 ἐγένετο).
887 359 1082 399 Musarum
1120 359 1316 399 nominum
1341 359 1683 412 interpretationes

195 430 273 467 iam
310 439 357 467 eo
385 428 427 465 in
454 428 574 474 libro,
613 438 727 476 quem
756 428 949 466 Cornutus
978 428 1164 476 inspexit,
1206 428 1261 465 ita
1290 431 1535 477 comparatae
1564 428 1683 465 fuisse

195 494 385 545 videntur,
429 495 472 534 ut
510 492 562 534 ad
606 491 812 536 παιδείαν
850 496 1041 546 spectent,
1087 496 1203 546 atque
1239 494 1353 535 etiam
1391 494 1682 547 Apollodoreas

194 563 536 613 interpretationes
572 563 737 601 similem
773 562 823 600 ad
852 563 1043 601 rationem
1072 565 1229 600 exactas
1258 562 1376 601 fuisse
1405 563 1628 612 Epicharmi
1658 575 1679 601 e

196 629 371 671 versibus
405 628 511 681 apud
540 629 748 670 Cornutum
786 629 913 670 citatis
941 630 1125 681 sequitur.
1182 629 1332 669 Tamen
1360 629 1469 679 vide,
1503 641 1552 669 ne
1581 642 1680 680 quae

197 698 387 738 Cornutus
405 709 444 747 p.
462 697 525 745 15,
544 697 706 735 15—19
731 697 955 746 hariolatur,
976 709 1025 736 ex
1039 698 1159 748 ipsius
1175 696 1331 736 officina
1345 696 1571 746 prodierint,
1590 709 1680 735 nam

197 764 248 804 ad
281 765 428 816 epilogi
455 763 554 804 haec
583 765 635 815 (p.
657 765 828 815 76,12):
868 760 931 812 ὥς
966 762 1027 813 εἰς
1061 761 1114 805 τὸ
1152 762 1345 814 εὐσεβεῖν
1380 755 1495 804 ἀλλὰ
1528 759 1586 819 μὴ
1622 761 1683 813 εἰς

195 827 248 874 τὸ
279 829 617 885 δεισιδαιμονεῖν
647 829 944 885 εἰσαγομένων
973 831 1067 873 τῶν
1098 830 1214 873 νέων
1234 833 1428 882 pertinere
1450 832 1640 871 videntur.
1651 833 1682 880 ¹)

196 900 282 939 Huc
310 898 517 939 referenda
545 902 633 939 sunt
662 911 709 938 ea
739 912 908 950 quoqne,
943 912 1043 950 quae
1073 912 1111 950 p.
1135 900 1196 948 16,
1214 901 1327 938 7-9
1358 900 1542 950 leguntur
1570 897 1681 952 (μέλ-

195 980 359 1009 πονται
389 962 471 1022 γὰρ
500 963 593 1008 ὑπὸ
623 963 811 1009 πάντων
841 964 884 1009 οἱ
915 959 1080 1022 ἀγαθοὶ
1109 966 1182 1008 καὶ
1213 966 1432 1021 μέλπουσι
1459 966 1532 1007 καὶ
1554 966 1682 1008 αὐτοὶ

195 1029 302 1084 τούς
345 1031 482 1084 θεοὺς
525 1033 599 1075 καὶ
642 1030 752 1083 τούς
790 1031 878 1089 πρὸ
923 1032 1084 1076 αὐτῶν
1123 1031 1429 1089 γεγονότας).”)
1494 1035 1682 1076 Animad-

195 1105 323 1142 vertas
358 1114 503 1152 quaeso
539 1103 638 1142 haec
666 1103 910 1153 parenthesis
939 1104 1061 1142 instar
1090 1103 1177 1143 dici.
1235 1104 1415 1142 Mercurii
1444 1103 1681 1152 cognominis

192 1166 491 1224 χρυσόρραπις
529 1171 827 1220 explicationes,
865 1183 965 1220 quae
1000 1170 1105 1221 apud
1134 1171 1341 1211 Cornutum
1370 1183 1406 1220 p.
1429 1171 1680 1218 21,15—18

196 1240 235 1277 et
272 1237 513 1276 Heraclitum
541 1250 578 1288 p.
601 1238 665 1287 96,
684 1238 735 1276 10
747 1249 830 1287 sqq.
866 1240 1035 1286 exstant,
1075 1238 1225 1277 etiamsi
1260 1241 1422 1288 apparet
1458 1236 1680 1286 similitudo,

195 1316 273 1343 non
312 1305 416 1344 omni
454 1317 476 1344 e
514 1308 625 1355 parte
664 1307 896 1354 congruunt3
934 1317 1025 1344 nam
1064 1317 1163 1354 quae
1203 1305 1392 1345 Cornutus
1430 1305 1594 1355 profert,
1633 1317 1681 1344 ea

195 1372 316 1421 magis
357 1371 409 1411 ad
452 1371 644 1412 educandi
683 1372 886 1411 eonsilium
920 1372 1077 1411 inversa
1120 1375 1220 1411 sunt.
1285 1373 1412 1411 Etiam
1452 1372 1681 1422 allegoriam

194 1439 376 1477 Mercurii
415 1439 577 1477 caducei
615 1451 700 1478 eum
736 1440 797 1477 sui
833 1440 954 1488 ipsius
992 1440 1160 1478 inventis
1198 1440 1399 1478 intricasse
1428 1437 1579 1490 puto,³)
1619 1439 1682 1477 cui

196 1505 329 1555 aliqua
380 1506 559 1563 coguatio
616 1509 674 1545 est
724 1517 810 1545 cum
856 1506 919 1556 iis,
969 1506 1107 1556 quibus
1156 1506 1330 1556 exponit,
1380 1517 1448 1545 cur
1495 1505 1682 1556 pardales

194 1572 375 1611 Liberum
404 1576 553 1623 patrem
583 1576 792 1622 sequantur
820 1575 874 1623 (p.
896 1575 1058 1622 60,19).
1105 1574 1153 1611 In
1181 1573 1288 1612 fonte
1307 1574 1405 1611 talia
1424 1585 1504 1612 non
1522 1573 1682 1611 infuisse

194 1639 390 1680 videntur:
420 1640 468 1680 cf.
497 1640 640 1680 Athen.
663 1642 715 1680 38
746 1653 768 1680 e
796 1639 869 1681 καὶ
899 1636 1050 1694 ταύρῳ
1080 1636 1393 1694 παρεικάζουσι
1424 1637 1507 1682 τὸν
1526 1636 1681 1682 Διόνυ-

195 1715 276 1747 σον
315 1706 390 1747 καὶ
428 1705 645 1761 παρδάλει
685 1704 756 1748 διὰ
790 1704 842 1748 τὸ
878 1702 990 1761 πρὸς
1028 1707 1130 1758 βίαν
1164 1706 1407 1761 τρέπεσθαι
1435 1704 1541 1756 τούς
1570 1706 1680 1759 ἕξοι·

194 1773 424 1824 νωθέντας
452 1775 518 1826 (cf.
547 1788 664 1826 supra
692 1789 730 1826 p.
751 1777 832 1825 71).
889 1775 998 1822 Quae
1027 1788 1064 1826 p.
1087 1776 1289 1824 23,3—-6
1319 1777 1502 1825 legimus,
1537 1788 1584 1814 ea
1612 1776 1679 1813 vix

195 1841 385 1891 quispiam
419 1842 665 1892 Apollodoro
704 1843 898 1889 tribuerit;
940 1843 1002 1881 his
1040 1854 1120 1880 non
1158 1842 1353 1880 dissimilis
1392 1845 1451 1880 est
1489 1843 1681 1881 sententia

195 1909 517 1958 explicationibus
545 1910 692 1950 Bacchi
720 1911 952 1960 praemissa:
982 1910 1030 1949 cf.
1052 1911 1116 1959 23,
1132 1911 1159 1948 4
1187 1904 1299 1962 πρὸς
1320 1906 1574 1963 ὑπόμνησιν
1593 1909 1679 1950 τοῦ

195 1978 489 2029 γεωργεῖσθαι
523 1975 678 2018 θέλειν
715 1974 798 2033 τὴν
833 1972 982 2030 χώραν
1021 1975 1097 2016 καὶ
1132 1972 1272 2028 φειδώ
1301 1989 1400 2016 τινα
1437 1971 1549 2017 εἶναι
1583 1975 1678 2016 τῶν

195 2038 371 2096 ἡμέρων
389 2043 464 2084 καὶ
484 2042 791 2098 καρποφόρων
811 2044 969 2096 φυτῶν
989 2067 1042 2073 -
1064 2057 1101 2095 p.
1118 2045 1182 2092 57,
1200 2046 1248 2082 19
1271 2042 1679 2097 δενδροκοποῦνται

195 2103 276 2163 γὰρ
306 2106 351 2151 αἱ
375 2111 518 2166 χῶραι
545 2118 640 2162 τοῖς
669 2110 890 2166 πολέμοις.
939 2113 1023 2152 Nec
1052 2123 1145 2151 vero
1166 2123 1223 2161 ea,
1254 2112 1397 2162 quippe
1419 2123 1495 2161 qua
1514 2110 1670 2150 Baccho

195 2178 309 2217 Pacis
337 2181 504 2220 numinis
532 2182 669 2220 similis
697 2182 757 2219 vis
786 2182 986 2228 tribuatur,
1016 2181 1168 2219 etiamsi
1195 2192 1274 2218 uon
1303 2179 1412 2218 deest
1441 2179 1680 2229 Apollodori

195 2245 398 2295 vestigium
428 2246 495 2296 (cf.
514 2247 730 2287 Reinhardt
758 2260 795 2297 p.
815 2247 923 2298 100),
953 2248 1034 2286 eius
1060 2259 1082 2286 e
1101 2249 1229 2285 mente
1249 2246 1352 2286 dicta
1371 2249 1439 2285 est.
1486 2258 1524 2295 p.
1546 2247 1611 2293 27,
1627 2246 1676 2283 15

194 2312 353 2351 verbum
395 2311 555 2367 σκέψαι
592 2316 703 2364 signo
745 2315 897 2353 videtur
935 2326 1019 2353 esse
1055 2315 1321 2363 insequentem
1351 2313 1626 2362 etymologiam
1656 2326 1679 2351 a

195 2377 362 2419 Cornuto
391 2381 477 2430 ipso
508 2383 765 2431 excogitatam
795 2393 889 2421 esse.
948 2381 1069 2428 Quam
1100 2381 1151 2419 ad
1179 2381 1437 2430 suspicionem
1464 2379 1505 2418 id
1533 2380 1677 2429 optime

195 2444 378 2495 quadrat,
427 2448 531 2498 quod
579 2449 847 2500 interpretatio
891 2448 1126 2488 Cornutiana
1175 2448 1223 2487 ab
1267 2447 1517 2487 Eustathiana
1559 2446 1677 2485 valde

308 2555 337 2599 ¹)
360 2555 416 2591 cf.
440 2557 487 2593 de
510 2557 653 2594 Martini
675 2558 699 2594 l.
715 2558 736 2593 l.
762 2569 798 2604 p.
816 2561 870 2594 90.

306 2611 337 2656 ²)
360 2612 489 2658 Neque
510 2614 566 2660 iis,
591 2625 685 2660 quae
701 2615 932 2660 antecedunt,
956 2625 1089 2651 meram
1105 2614 1321 2659 Apollodori
1337 2613 1538 2649 doctrinam
1553 2612 1678 2649 referri

197 2665 372 2713 existimo,
396 2669 464 2705 sed
487 2670 637 2707 difficile
661 2675 718 2707 est
741 2681 784 2707 ea
808 2671 967 2717 definire,
992 2681 1087 2717 quae
1110 2671 1268 2706 Cornuto
1291 2669 1482 2705 tribuenda
1505 2670 1587 2705 sint.

308 2723 338 2768 ⁸)
361 2721 480 2761 Aliam
504 2725 605 2764 Serv.
630 2727 678 2764 ad
694 2727 804 2773 Verg.
829 2726 920 2764 Aen.
943 2727 998 2765 IV
1014 2730 1079 2763 242
1095 2726 1245 2772 profert.

1434 2793 1475 2828 Ἰ*
