2096 3129
1612 157 1664 196 33

179 273 371 314 interdum
405 272 563 312 minime
598 272 728 312 sensui
756 271 980 323 respondet,
1020 272 1131 311 velut
1159 271 1353 311 sententia
1382 271 1423 309 in
1452 271 1592 321 capitis
1615 270 1663 308 11

180 344 352 380 extremo
386 339 569 378 inchoata
604 339 655 378 ad
682 340 919 389 insequentis
949 340 1087 390 capitis
1115 339 1266 377 initium
1294 338 1561 388 traducitur,¹)
1599 349 1667 375 ne-

182 422 256 460 que
276 421 364 455 ,una
392 407 604 458 eademque
634 410 787 447 servata
815 410 874 447 est
894 408 1069 447 omnibus
1088 407 1129 445 in
1148 406 1270 446 libris.
1317 405 1432 446 Unde
1453 406 1665 445 certissime

184 477 383 527 colligitur
410 476 591 514 libellum
620 487 698 515 non
727 476 776 515 ab
805 478 963 515 auctore
991 475 1077 526 ipso
1106 476 1173 513 aut
1200 474 1250 513 ab
1279 474 1569 524 interpolatore,
1600 473 1668 513 sed

179 559 203 585 a
230 545 399 584 librariis
428 545 469 583 in
498 546 626 595 capita
655 545 820 585 divisum
849 556 946 584 esse.

291 680 501 719 Exordium
523 680 629 719 ducit
648 681 809 720 libellus
830 681 879 719 ab
901 680 1144 718 enarratione
1166 691 1307 727 eorum,
1328 691 1428 729 quae
1443 678 1666 728 theologiae

180 748 352 787 Graecae
382 747 597 787 Stoicorum
633 759 654 786 e
690 749 818 786 mente
854 746 1108 797 exponendae
1138 747 1248 796 quasi
1276 745 1527 785 fundamento
1557 748 1665 785 sunt:

180 816 399 865 complures
439 814 668 854 exhibentur
706 816 814 854 vocis
850 810 1042 868 οὐρανός
1077 814 1354 864 etymologiae,
1393 814 1531 863 quibus
1576 814 1664 852 sub·

180 883 351 932 iungitur
379 884 529 922 caelum
558 894 635 921 una
665 895 750 923 cum
770 883 829 932 iis,
859 894 959 932 quae
979 883 1234 933 amplectitur,
1263 877 1434 935 κόσμον
1455 882 1665 932 appellari;

178 949 318 989 deinde
349 950 397 989 de
427 951 528 989 caeli
557 950 737 1000 aetheris,
772 951 839 1000 qui
866 950 968 989 idem
999 950 1150 989 ducitur
1179 962 1273 997 esse,
1309 953 1497 997 astrorum
1527 951 1665 988 natura

179 1017 316 1067 agitur.
390 1017 484 1057 Cum
528 1027 665 1057 vocum
711 1011 846 1073 αἰθήρ
892 1020 931 1056 et
972 1010 1111 1071 ἄστρα
1150 1018 1376 1066 veriloquiis
1415 1017 1523 1056 vocis
1561 1015 1665 1058 θεοί

177 1085 444 1135 interpretatio
474 1097 496 1124 e
526 1085 683 1124 deorum
713 1086 905 1135 opinionis
934 1086 1084 1135 origine
1113 1085 1289 1124 derivata
1317 1086 1500 1135 copulata
1528 1088 1598 1124 est.

291 1153 551 1202 Insequuntur
594 1153 753 1191 deorum
792 1165 815 1191 a
853 1152 963 1191 Rhea
1007 1155 1046 1191 et
1084 1153 1250 1192 Saturno
1289 1156 1559 1202 generatorum
1598 1165 1665 1191 ex-

178 1220 436 1270 planationesv
455 1220 652 1270 physicae,
683 1232 783 1270 quae
813 1232 899 1259 cum
930 1221 978 1259 ab
1009 1221 1138 1259 anima
1157 1215 1329 1273 κόσμου
1348 1220 1547 1270 incipiant,
1578 1232 1663 1259 cum

181 1288 515 1338 antecedentibus,
565 1289 703 1338 quibus
753 1290 962 1340 praecipue
1012 1289 1061 1328 de
1102 1290 1283 1328 universo
1327 1290 1470 1339 agitur,
1512 1290 1664 1328 interno

178 1357 335 1396 vinculo
371 1357 592 1396 cohaerent.
648 1358 858 1406 Postquam
893 1357 954 1396 his
982 1358 1023 1395 in
1051 1357 1434 1406 interpretationibus
1465 1357 1597 1396 Rheae
1627 1360 1665 1395 et

178 1424 332 1463 Saturni
361 1425 468 1463 notio
496 1425 702 1474 perstricta
730 1427 805 1473 est,
845 1424 893 1464 de
922 1426 1087 1474 utroque
1115 1425 1270 1463 numine
1300 1425 1463 1474 singulis
1493 1423 1661 1474 disputa-

178 1492 345 1531 tionibus
375 1492 512 1540 agitur,
543 1504 643 1540 quae
672 1494 711 1530 et
740 1504 826 1530 cum
857 1491 1175 1530 antecedentibus
1205 1494 1243 1530 et
1270 1492 1371 1530 inter
1395 1503 1437 1530 se
1458 1493 1664 1541 copulatae

178 1561 276 1598 sunt.
330 1560 432 1598 Nam
459 1571 498 1610 p.
520 1559 556 1609 5,
573 1560 596 1597 9
628 1560 669 1597 in
697 1560 806 1598 initio
836 1559 885 1598 de
914 1558 1023 1599 Rhea
1052 1559 1321 1609 disputationis
1350 1559 1554 1609 respicitur
1582 1559 1664 1598 eius

178 1627 296 1674 notio,
325 1638 424 1675 quae
453 1639 490 1675 p.
513 1628 550 1676 3,
569 1627 620 1665 18
632 1639 715 1676 sqq.
738 1628 913 1677 exposita
932 1629 1026 1674 erat,
1056 1629 1094 1666 et
1112 1627 1172 1665 his
1193 1627 1246 1677 (p.
1267 1627 1384 1675 6,16)
1406 1623 1569 1667 ὁποῖον
1588 1624 1662 1666 καὶ

177 1690 298 1747 παρὰ
317 1685 607 1748 τοῑςἝἚλησι
630 1693 732 1748 περὶ
752 1694 829 1749 τῆς
849 1695 934 1735 τοῦ
959 1692 1164 1748 Οὐρανοῦ
1185 1691 1370 1750 ἐκτομῆς
1389 1690 1663 1747 μεμύθευται

177 1760 228 1799 ad
256 1761 507 1810 insequentia,
538 1762 675 1811 quibus
705 1763 753 1800 de
783 1762 926 1801 fabulis
946 1763 1100 1802 Saturni
1130 1762 1339 1810 disseritur,
1369 1763 1409 1800 in
1439 1761 1499 1800 his
1531 1761 1579 1800 de
1605 1774 1662 1810 ea,

178 1840 256 1877 qua
284 1829 444 1868 Caelum
478 1831 627 1878 patrem
663 1830 881 1869 exsecuisse
910 1832 1099 1877 narratur,
1138 1830 1321 1868 transitus
1349 1832 1523 1879 paratur:
1564 1829 1662 1868 haec

178 1895 280 1934 enim
324 1895 375 1934 ad
419 1895 541 1934 verba
584 1897 675 1935 lnce
719 1897 861 1936 clarius
906 1899 964 1935 est
1001 1891 1101 1950 γάρ,
1146 1895 1251 1946 quod
1289 1908 1326 1946 p.
1357 1897 1393 1945 6,
1416 1897 1470 1935 20
1508 1896 1662 1946 legitur,

177 1963 438 2002 revocandum
468 1975 562 2002 esse.
609 1964 761 2003 Deinde
792 1965 918 2014 capite
948 1965 985 2012 8,
1017 1964 1122 2013 quod
1149 1964 1385 2013 iungendum
1406 1964 1558 2002 videtur
1577 1976 1662 2003 esse

177 2041 263 2069 cum
291 2030 372 2069 illis
402 2030 733 2080 explicationibus,
764 2042 863 2081 quae
893 2031 1084 2082 capitibus
1105 2031 1214 2069 2-5
1242 2031 1496 2081 continentur,
1526 2042 1662 2070 secun-

178 2098 267 2136 dum
306 2099 424 2136 aliam
462 2099 649 2137 rationem
679 2098 876 2137 Oceanum
916 2102 955 2137 et
983 2099 1142 2147 Tethyn
1179 2099 1312 2137 mundi
1346 2100 1538 2148 principia
1572 2099 1662 2137 duci

178 2165 399 2216 exponitur:
1440 2213 1443 2216 ⁴

288 2233 491 2271 Absolutis
519 2233 664 2271 fabulis
694 2235 984 2284 cosmogonicis,
1015 2238 1056 2273 ut
1083 2246 1156 2284 par
1185 2237 1255 2281 est,
1284 2235 1450 2283 primum
1480 2234 1529 2272 de
1558 2236 1660 2282 Iove,

177 2298 336 2338 deorum
375 2299 647 2349 hominumque
685 2303 797 2351 patre
837 2301 974 2350 agitur.
1045 2301 1269 2341 Afferuntur
1307 2313 1448 2351 magna
1486 2313 1508 2340 e
1548 2302 1662 2351 copia

178 2367 259 2404 eius
298 2367 568 2416 cognominum
603 2369 682 2406 non
719 2380 862 2418 pauca,
902 2369 1041 2418 quibus
1080 2369 1144 2407 dei
1182 2370 1241 2407 vis
1271 2369 1513 2418 omnipotens
1544 2372 1582 2407 et
1610 2368 1660 2406 ad

176 2444 327 2471 omnem
355 2445 483 2472 rerum
511 2436 687 2473 naturam
715 2437 915 2485 pertinens
941 2437 1179 2482 illustratum
1207 2438 1320 2485 pater
1338 2435 1511 2474 Iustitiae
1533 2435 1660 2474 Grati-

177 2510 284 2538 arum
322 2500 514 2540 Horarum
556 2504 810 2552 nuncupatur.
873 2503 1007 2543 Subito
1051 2502 1270 2553 disputatio
1304 2502 1355 2541 ad
1398 2502 1506 2541 aliud
1548 2515 1660 2553 argu-

176 2569 345 2605 mentum
386 2568 574 2607 deflectit:
614 2569 678 2608 dei
715 2572 926 2609 statuarum
963 2573 1002 2609 et
1035 2571 1247 2620 insignium
1275 2571 1444 2609 rationes
1473 2569 1659 2619 physicae

177 2636 435 2684 exponuntur,
475 2635 615 2675 dehinc
655 2637 793 2686 quibus
830 2637 877 2676 de
913 2639 1038 2677 causis
1067 2639 1222 2687 aquilae
1251 2640 1290 2676 et
1320 2639 1430 2677 oleae
1460 2638 1496 2676 ei
1525 2649 1659 2676 sacrae

290 2766 318 2811 1)
341 2766 424 2803 Alia
447 2767 614 2812 exempla
637 2769 683 2805 de
707 2769 849 2806 Martini
873 2773 910 2806 et
933 2770 1096 2806 Osannus
1120 2769 1359 2806 contulerunt.

244 2846 321 2873 Dlss.
340 2846 410 2872 1101.
431 2845 511 2879 XXI,
526 2847 551 2873 1.
1434 2852 1452 2881 3
