2096 3129
373 193 428 232 40

373 309 513 348 misera
551 307 757 347 verborum
798 309 1000 346 contextus
1036 306 1230 356 condicio,
1270 306 1319 346 de
1349 307 1446 346 deae
1476 306 1612 346 diebus
1640 306 1749 346 festis
1779 307 1863 356 agi3

374 388 474 425 quae
502 388 539 425 p.
561 375 625 422 55,
645 376 696 412 10
706 376 813 412 —ll
846 375 1039 423 leguntur,
1069 374 1120 413 ad
1150 375 1303 414 Cereris
1331 374 1450 412 filiam
1470 375 1693 423 quaerentis
1714 386 1864 413 errores

372 444 565 493 pertinere
603 442 800 490 videntur,
839 442 908 491 qui
945 442 1022 480 iam
1057 453 1094 491 p.
1116 441 1181 490 54,
1202 442 1253 480 14
1288 442 1382 481 tacti
1411 444 1532 480 erant.
1589 441 1713 481 Huius
1742 442 1863 491 partis

374 522 459 548 cum
499 510 681 548 extremis
711 510 840 548 verbis
869 508 975 546 haud
1003 509 1135 558 inepte
1165 511 1349 559 copulata
1378 511 1435 547 est
1463 509 1568 546 Pluti
1595 509 1863 558 interpretatio

372 578 582 628 praecipue
621 576 782 615 Hesiodi
821 576 997 615 versibus
1042 576 1159 626 (opp.
1190 578 1271 614 299
1289 578 1362 627 sq.)
1400 577 1609 616 illustrata.
1675 577 1775 615 Tum
1815 576 1863 615 de

373 645 469 684 deae
508 645 630 684 sacris
671 645 810 694 agitur,
850 655 949 694 quae
989 643 1040 682 ad
1069 647 1195 682 terrae
1225 643 1464 684 fertilitatem
1493 646 1735 682 revocantur.
1793 644 1863 682 His

371 724 458 752 cum
501 712 831 763 explicationibus
874 712 1026 750 interno
1070 710 1239 760 quodam
1278 712 1435 751 vinculo
1481 711 1719 761 cognominis
1760 712 1864 751 θεσ-

371 777 554 832 μοθέτις
598 780 696 818 ratio
747 780 964 818 accuratius
1009 779 1184 828 exposita
1228 781 1412 829 copulata
1459 782 1537 826 est3
1577 778 1748 818 indidem
1786 792 1863 827 μυ-

374 845 570 901 στηρίων
600 847 706 885 notio
736 847 937 896 repetitur,
963 857 1040 895 qua
1068 857 1154 885 cum
1185 847 1425 896 cognominis
1454 846 1587 899 μυσὶα
1607 846 1863 895 veriloquium

373 915 632 963 coniungitur.
703 914 790 953 Hoc
835 916 950 964 caput
998 926 1076 952 non
1107 914 1204 958 ‚sine
1247 915 1383 963 aliquo
1428 915 1590 954 consilio
1633 917 1671 953 et
1714 915 1863 952 ratione

373 982 566 1033 digestum
611 993 697 1021 esse
737 993 864 1031 neque
904 982 1110 1031 quicquam
1149 992 1251 1029 esse,
1297 981 1400 1031 quod
1439 981 1618 1030 suadeat,
1661 984 1703 1020 ut
1741 982 1862 1031 epito-

374 1053 560 1089 matorem
589 1061 789 1100 ponamus,
820 1061 934 1100 spero
963 1052 1001 1088 te
1032 1060 1315 1088 concessurum.

474 1118 625 1156 Mirum
666 1120 794 1156 autem
833 1118 874 1155 in
910 1116 1064 1155 modum
1101 1116 1177 1155 his:
1220 1113 1300 1156 Διὰ
1332 1114 1379 1157 δὲ
1408 1113 1577 1171 ταύτην
1605 1110 1689 1170 τήν
1719 1113 1866 1156 αἰτίαν

373 1186 423 1224 ad
451 1187 579 1225 Horas
607 1186 803 1225 transitur.
853 1185 1007 1223 Dixerit
1036 1185 1225 1235 quispiam
1255 1184 1353 1224 haec
1373 1186 1495 1224 verba
1519 1186 1575 1223 ita
1594 1185 1721 1235 accipi
1739 1196 1864 1235 posse,

372 1256 415 1291 ut
453 1256 588 1291 auctor
627 1254 800 1300 censeat,
839 1253 1043 1301 postquam
1073 1251 1191 1291 Ceres
1226 1251 1444 1290 hominibus
1473 1253 1530 1290 tot
1559 1251 1661 1290 dona
1689 1252 1864 1300 tantique

370 1321 485 1371 pretii
527 1321 670 1370 largita
713 1320 780 1368 sit,
825 1331 922 1370 opus
967 1331 1052 1359 esse
1098 1319 1327 1369 quibusdam
1374 1319 1612 1368 numinibus,
1659 1332 1683 1358 a
1726 1320 1864 1369 quibus

371 1390 444 1427 illa
487 1391 689 1428 serventur
733 1391 771 1427 et
817 1387 1099 1434 custodiantur3
1143 1387 1213 1426 sed
1255 1388 1346 1426 talis
1388 1388 1656 1437 interpretatio
1699 1387 1863 1426 fortasse

373 1457 563 1508 spinosior
593 1459 660 1496 est.
718 1457 857 1506 Neque
893 1456 972 1495 scio
1012 1468 1062 1494 an
1092 1457 1183 1494 ante
1213 1455 1288 1494 illa
1316 1456 1438 1495 verba
1466 1456 1610 1496 lacuna
1638 1455 1729 1495 hiet.
1786 1455 1863 1495 Sed

371 1524 553 1563 videntur
581 1536 660 1563 non
694 1525 819 1562 multa
847 1524 1064 1574 intercepta
1093 1535 1196 1571 esse,
1234 1536 1325 1562 nam
1354 1526 1530 1574 apertum
1559 1526 1617 1562 est
1645 1523 1721 1562 hoc
1749 1526 1866 1573 caput

372 1604 459 1632 cum
504 1591 830 1642 praecedentibus
871 1590 1193 1642 disputationibus
1232 1592 1455 1641 copulatum
1494 1602 1598 1631 esse:
1639 1587 1866 1644 Εὐνομίας

373 1660 475 1698 enim
513 1660 555 1697 in
593 1660 751 1698 notione
790 1671 828 1709 p.
849 1659 914 1708 57,
931 1660 955 1697 9
996 1659 1192 1708 explicata
1231 1659 1501 1708 respiciuntur,
1541 1670 1640 1708 quae
1670 1670 1707 1708 p.
1729 1659 1794 1706 56,
1815 1660 1863 1696 17

371 1728 555 1777 leguntur
590 1726 656 1777 (cf.
685 1717 775 1767 ἀπὸ
805 1724 883 1781 τῆς
912 1725 995 1767 τοῦ
1026 1720 1354 1775 ἐπιβάλλοντος
1384 1721 1678 1782 διανεμήσεως
1708 1748 1761 1754 -
1791 1724 1864 1766 καὶ

373 1790 682 1847 διανεμόμενοι
719 1789 775 1835 τὰ
811 1789 1067 1847 γεννώμενα
1104 1793 1314 1844 δικαίως),
1354 1795 1530 1834 Iustitiae
1559 1806 1653 1833 vero
1684 1797 1722 1833 et
1751 1795 1864 1833 Pacis

372 1863 713 1913 interpretationes
743 1862 793 1901 ad
820 1875 867 1902 ea
886 1865 1064 1913 spectare
1085 1862 1277 1910 videntur,
1308 1874 1409 1912 quae
1427 1875 1464 1913 p.
1487 1863 1551 1911 57,
1571 1863 1678 1900 1-2
1699 1864 1863 1900 exstant.

370 1932 474 1970 Non·
506 1934 655 1969 taceam
700 1931 749 1969 ab
793 1930 867 1969 hac
906 1931 1098 1969 Horarum
1137 1931 1414 1980 explanatione
1458 1931 1747 1980 aliquantulum
1787 1930 1863 1968 dis-

372 2009 551 2047 crepare,
591 2009 692 2047 quae
720 2010 756 2047 p.
779 1999 816 2045 9,
833 1999 886 2036 20
902 2009 987 2047 sqq.
1018 1997 1067 2036 de
1096 1999 1248 2036 Iustitia
1277 2000 1316 2036 et
1344 1998 1461 2036 Horis
1491 1998 1603 2047 quasi
1630 1998 1672 2035 in
1700 1998 1864 2036 transitu

370 2065 626 2104 disseruntur:
666 2076 793 2114 neque
832 2065 934 2103 enim
972 2066 1124 2103 Iustitia
1159 2066 1261 2104 inter
1289 2065 1417 2104 Horas
1445 2067 1679 2112 numeratur,
1718 2067 1756 2102 et
1785 2065 1865 2103 alia

368 2133 415 2172 iis
446 2134 505 2171 vis
533 2132 714 2171 tribuitur
743 2135 858 2182 atque
886 2133 928 2171 in
958 2133 1085 2183 capite
1107 2133 1171 2172 29.
1221 2133 1382 2172 Etiamsi
1412 2133 1514 2172 enim
1545 2132 1680 2172 eadem
1700 2133 1863 2172 nominis

370 2200 560 2240 derivatio
596 2199 799 2250 profertur,
837 2212 916 2239 non
946 2200 996 2239 ad
1026 2200 1153 2239 ethica
1181 2200 1402 2239 referuntur
1430 2202 1642 2251 praecepta
1670 2202 1712 2239 ut
1740 2211 1777 2249 p.
1799 2200 1862 2248 57,

369 2268 439 2307 sed
469 2269 571 2308 caeli
600 2268 811 2307 salubrium
842 2268 1093 2308 mutationum
1123 2268 1304 2308 custodes
1333 2269 1627 2318 intelleguntur.

486 2335 659 2374 Difficile
699 2338 758 2374 est
797 2335 845 2374 de
885 2337 982 2384 eius,
1023 2348 1121 2385 quae
1161 2336 1386 2385 insequitur,
1425 2336 1559 2375 Liberi
1587 2336 1711 2385 patris
1741 2337 1863 2387 expli-

369 2404 532 2444 cationis
552 2403 645 2443 satis
665 2404 819 2454 amplae
839 2406 878 2443 et
892 2403 1000 2444 fusae
1017 2403 1270 2455 dispositione
1285 2403 1438 2455 aliquid
1454 2404 1715 2455 pronuntiare.
1747 2403 1862 2444 Cuius

370 2484 457 2511 cum
495 2472 623 2519 initio,
663 2483 740 2521 quo
775 2472 921 2510 Bacchi
959 2474 1018 2511 vis
1054 2485 1078 2510 a
1113 2473 1221 2511 bello
1258 2472 1471 2511 abhorrens
1508 2475 1545 2510 et
1575 2473 1687 2511 Pacis
1717 2474 1862 2511 numini

369 2552 497 2590 paene
540 2540 717 2589 aequalis
761 2540 976 2590 exponitur,
1021 2540 1126 2590 quod
1169 2541 1307 2580 attinet
1346 2539 1624 2579 sententiarum
1663 2552 1862 2589 conexum,

369 2607 672 2658 comparandum
702 2619 788 2646 esse
818 2609 966 2658 capitis,
996 2620 1072 2658 quo
1104 2608 1151 2647 de
1178 2609 1369 2647 Mercurio
1400 2608 1537 2657 agitur,
1566 2609 1715 2647 initium
1745 2621 1863 2659 supra

371 2675 545 2715 vidimus.
595 2676 689 2713 Post
717 2675 863 2714 Bacchi
891 2677 1057 2715 nominis
1086 2676 1195 2714 varia
1223 2675 1442 2725 veriloquia
1471 2676 1553 2715 eius
1579 2679 1684 2716 ortus
1704 2676 1863 2717 fabulae

368 2742 533 2782 diversis
562 2742 778 2782 rationibus
808 2742 858 2781 ad
887 2743 970 2782 vini
998 2747 1177 2787 naturam
1196 2745 1440 2783 revocantur.
1489 2744 1641 2784 Deinde
1662 2745 1864 2795 complura

369 2809 431 2850 dei
462 2810 695 2862 cognomina
724 2813 994 2860 congeruntur,
1033 2811 1093 2850 his
1123 2811 1463 2862 interpretationes
1491 2812 1688 2852 nominum
1717 2823 1860 2860 eorum,
