2096 3129
1625 227 1678 265 57

197 339 412 393 αιφονὶας.
472 342 584 382 Unde
622 341 817 393 profectus
856 343 914 381 vir
952 342 1088 381 doctus
1127 342 1400 392 allegoriarum
1431 341 1536 392 apud
1565 341 1678 382 Corn.

196 421 232 459 p.
253 409 308 447 34
336 412 376 448 et
403 410 557 450 Heracl.
585 423 623 460 p.
646 411 698 449 90
728 410 938 458 obviarum,
968 410 1106 459 quibus
1136 410 1239 459 quod
1264 410 1454 449 Homerus
1481 409 1530 449 de
1555 410 1678 448 Marte

197 479 236 515 et
273 477 424 516 Venere
467 478 507 515 in
551 477 743 516 adulterio
785 477 987 527 prehensis
1024 480 1171 524 narrat,
1215 478 1448 527 explicatur,
1492 477 1678 526 originem

195 544 502 594 Apollodoream
541 545 760 595 perspexit;
798 548 838 585 et
876 545 1029 585 accedit
1057 544 1265 595 Porphyrii
1298 545 1556 584 testimonium
1590 557 1676 595 gra-

195 612 389 650 vissimum
425 613 478 660 (II
507 625 544 661 p.
566 613 630 661 76,
649 612 700 650 75
718 612 851 663 Schr.).
919 612 996 651 Sed
1034 613 1257 651 Heraclitus
1294 611 1407 650 huius
1445 612 1678 650 narrationis

195 678 291 718 duas
320 679 477 718 exhibet
504 680 852 729 interpretationes,
882 692 1041 730 quarum
1068 681 1193 719 altera
1212 679 1460 730 Empedoclis
1479 679 1678 719 doctrinae

195 747 387 785 elementa
423 747 500 784 iam
539 747 587 784 ab
623 748 790 785 Homero
829 747 1058 786 adumbrata
1095 758 1178 785 esse
1214 747 1513 794 demonstratur,
1551 748 1678 785 altera

196 824 281 851 cum
320 814 491 853 Cornuto
530 815 771 864 consentit.¹)
838 815 1072 853 Harmoniae
1111 818 1237 853 autem
1269 815 1430 852 Veneris
1467 813 1571 852 filiae
1610 826 1675 853 ex-

193 882 367 931 planatio
404 882 466 920 illi
503 882 648 921 inserta
687 885 761 931 est,
800 894 919 932 quare
957 894 1037 921 non
1072 883 1209 921 mirum
1239 884 1312 932 est,
1348 881 1452 931 quod
1481 894 1560 920 non
1589 894 1676 921 cum

195 949 431 989 Cornutiaua
479 951 666 998 congruit.
674 951 707 999 2)
779 950 888 997 Quae
937 962 1020 989 cum
1066 951 1255 989 artissime
1299 962 1383 988 cum
1427 949 1677 999 praecedenti

193 1017 409 1065 cohaereat,
437 1029 517 1057 non
545 1018 702 1057 dubium
732 1021 800 1067 est,
829 1019 921 1068 quin
947 1031 996 1058 ex
1016 1018 1148 1058 eodem
1169 1017 1275 1057 fonte
1295 1017 1555 1068 manaverit.²)
1599 1018 1676 1058 Sed

194 1085 383 1124 Cornutus
423 1088 461 1124 et
498 1086 721 1125 Heraclitus
760 1087 800 1124 in
838 1088 884 1125 iis
920 1098 1073 1136 quoque
1107 1086 1362 1133 consentiunt,
1399 1087 1547 1135 quibus,
1583 1085 1676 1135 quid

193 1153 324 1191 valeat
366 1152 531 1191 Vulcani
566 1153 765 1203 epitheton
796 1149 960 1206 χωλός,
996 1166 1046 1192 ex
1083 1154 1183 1203 ignis
1221 1153 1414 1192 terrestris
1442 1156 1581 1191 natura
1609 1165 1675 1192 ex-

192 1219 362 1268 peditur:
393 1219 441 1258 ef.
462 1220 573 1259 Corn.
592 1233 629 1270 p.
651 1222 714 1270 33,
735 1222 909 1270 liz—22,
938 1222 1094 1260 Heracl.
1123 1233 1160 1271 p.
1181 1222 1246 1268 40,
1268 1222 1416 1269 6-41,
1436 1222 1532 1270 16.3)
1581 1222 1674 1259 Pro-

191 1286 293 1326 fecto
340 1299 411 1326 nos
458 1287 519 1327 hic
562 1289 848 1338 Apollodorum
896 1288 1189 1339 deprehendere
1237 1289 1424 1339 probatur
1466 1288 1675 1339 Porphyrii

193 1356 446 1405 congruentia
489 1356 564 1407 (ap.
603 1357 743 1397 Euseb.
778 1358 820 1396 P.
842 1358 886 1396 E.
906 1358 962 1395 111
995 1358 1055 1406 ll,
1083 1358 1167 1407 23),
1217 1370 1331 1407 quem
1379 1358 1454 1395 iam
1499 1358 1675 1396 Bortzler

192 1435 277 1461 cum
307 1422 474 1462 Cornuto
504 1425 679 1464 contulit.

303 1503 561 1551 Insequentia,
593 1505 729 1552 quibus
757 1503 892 1542 fabula
916 1505 1112 1543 Minervae
1139 1517 1160 1543 e
1180 1505 1283 1543 Iovis
1313 1505 1439 1554 capite
1470 1507 1576 1542 ortae
1608 1516 1672 1542 ex-

191 1569 361 1619 ponitur,
396 1570 485 1619 plus
514 1570 638 1609 miuus
668 1571 796 1609 omnia
824 1583 966 1610 meram
998 1571 1210 1610 Stoicorum
1240 1571 1453 1610 doctrinam
1482 1571 1674 1619 redolent,

191 1637 333 1675 etenim
386 1637 577 1676 Cornutus
624 1650 695 1688 per
746 1639 944 1677 Minervae
998 1651 1138 1677 numen
1190 1638 1289 1677 nihil
1342 1637 1552 1688 significari
1598 1639 1674 1677 nisi

190 1703 473 1754 providentiam
519 1705 779 1756 contendit;⁴)
823 1709 952 1745 tamen
992 1709 1090 1756 sunt,
1129 1718 1228 1756 quae
1268 1706 1465 1755 suadeant,
1504 1709 1546 1744 ut
1586 1717 1670 1744 eum

190 1772 253 1810 hic
302 1783 454 1822 quoque
499 1784 576 1812 uon
621 1785 642 1812 e
683 1774 895 1813 Stoicorum
933 1774 1044 1813 libris
1078 1775 1147 1814 sed
1186 1786 1233 1813 ex
1276 1774 1512 1824 Apollodori
1555 1786 1673 1824 opere

190 1841 362 1890 pendere
401 1844 621 1881 statuamus.
679 1843 725 1880 In
763 1843 956 1892 allegoria
984 1843 1168 1891 Vulcani,
1213 1843 1279 1892 qui
1315 1843 1417 1881 Iovis
1455 1843 1671 1881 Minervam

191 1909 370 1948 enitentis
420 1912 536 1960 caput
583 1910 816 1960 percussisse
867 1910 1106 1961 perhibetur,
1164 1910 1350 1958 eiusdem,
1404 1921 1503 1960 quae
1560 1921 1673 1960 prae-

302 2064 330 2110 1)
354 2064 518 2110 Utraque
541 2064 789 2110 interpretatio
813 2065 911 2110 apud
933 2065 1162 2101 Eustathium
1184 2076 1219 2110 p.
1239 2067 1336 2110 1597,
1350 2067 1393 2101 48
1405 2075 1485 2111 sqq.
1510 2065 1670 2101 recurrit.

188 2120 386 2165 Postquam
429 2121 540 2156 altera
578 2121 757 2165 explicata
793 2121 1027 2166 breviterque
1057 2121 1245 2166 allegoria,
1282 2131 1377 2165 quae
1409 2122 1517 2157 etiam
1554 2123 1669 2157 Demo

187 2176 374 2222 placuerit,
399 2179 497 2212 tacta
519 2180 584 2223 est,
608 2177 820 2213 Eustathius
835 2177 973 2223 pergit:
997 2178 1072 2223 (62)
1098 2173 1203 2214 ἄλλοι
1229 2176 1280 2224 δὲ,
1306 2172 1568 2223 ἁπλούστερον
1594 2175 1671 2213 ἐπι-

188 2228 406 2278 βάλλοντες,
423 2229 644 2278 Ἀφροδίτην
659 2238 791 2269 νοοῦσι
807 2231 876 2279 τὴν
889 2231 1003 2280 χάριν
1020 2261 1028 2269 .
1043 2261 1050 2268 .
1065 2263 1073 2270 .
1097 2231 1249 2279 μετέχει
1267 2233 1308 2271 δὲ
1325 2232 1368 2279 δή
1382 2246 1483 2275 τινος
1496 2231 1670 2278 τοιαύτης

185 2285 341 2334 χάριτος
369 2290 433 2324 καὶ
468 2288 617 2335 σίδηρος
649 2285 693 2325 ἐκ
718 2292 788 2324 τοῦ
812 2284 959 2334 ὁμιλεῖν
982 2291 1082 2336 πυρὶ,
1108 2288 1142 2326 εἰ
1165 2289 1230 2326 καὶ
1256 2285 1313 2327 ἐπ’
1338 2284 1470 2336 ὀλίγον
1493 2289 1556 2326 καὶ
1580 2286 1669 2334 ἄμυ-

188 2346 287 2389 δρᾶς.
327 2341 385 2380 διό
409 2346 470 2380 καὶ
496 2341 621 2390 λάθρα
645 2344 710 2380 καὶ
735 2340 785 2386 ὡς
811 2343 942 2390 εἰπεῖν,
967 2348 1150 2391 μοιχικῶς
1175 2350 1220 2391 τῇ
1237 2351 1305 2381 τοῦ
1315 2342 1520 2391 Ἡφαίστου
1539 2340 1668 2391 Ἀφρο-

188 2398 268 2446 δίτῃ
287 2394 400 2447 ’Ἄρης
423 2393 445 2436 ὅ
473 2397 553 2436 ἐστι
578 2400 728 2448 σίδηρος
753 2396 917 2442 σύνεστι,
941 2396 1193 2438 ὑποκλέπτων
1217 2399 1284 2448 τὴν
1310 2399 1465 2438 ἐκεῖθεν
1485 2397 1609 2449 χάριν.

299 2459 330 2501 ²)
351 2458 387 2494 A
410 2458 570 2495 Cornuto
593 2459 787 2495 Harmonia
808 2470 879 2495 non
902 2459 950 2495 ad
973 2460 1131 2496 universi
1154 2466 1368 2496 concentum
1392 2460 1555 2496 refertur.

300 2516 330 2558 ³)
354 2514 484 2559 Maass,
509 2515 645 2550 Aratea
667 2526 701 2560 p.
722 2518 785 2551 177
808 2515 879 2551 hoc
901 2519 1010 2561 caput
1025 2525 1096 2552 una
1111 2526 1193 2552 cum
1208 2516 1410 2563 insequenti
1426 2516 1516 2552 falso
1535 2516 1669 2552 Crateti
1687 2557 1690 2560 ⁴

186 2571 323 2608 tribuit.
368 2570 422 2608 Cf.
447 2572 553 2608 etiam
583 2572 783 2608 Reinhardt
805 2573 827 2609 L
845 2573 867 2609 l.
891 2585 927 2619 p.
945 2577 988 2609 64
1010 2573 1091 2610 adn.
1111 2577 1140 2609 1.
1165 2595 1208 2600 —
1231 2573 1291 2610 Ab
1313 2574 1495 2610 Heraclito
1518 2585 1591 2610 non
1613 2584 1668 2609 re·

186 2628 338 2672 apicitur
353 2628 553 2664 Vulcanum
577 2629 622 2664 ab
647 2629 810 2665 Hesiodo
833 2629 1016 2675 perhiberi
1037 2639 1059 2665 a
1081 2630 1220 2666 Iunone
1242 2631 1321 2666 sola
1342 2633 1551 2676 generatum
1575 2640 1668 2665 esse.

187 2683 354 2721 Ridicule
377 2690 497 2721 autem
521 2685 567 2721 ab
592 2696 636 2722 eo
652 2685 837 2722 immutata
853 2690 910 2723 est
923 2686 1100 2732 allegoria
1113 2687 1267 2724 Vulcani
1283 2687 1329 2723 de
1345 2687 1446 2723 caelo
1463 2686 1606 2723 deiecti.
1624 2707 1667 2713 —-

186 2741 367 2777 Cornutus
389 2741 485 2776 unde
509 2742 677 2787 hauserit,
703 2752 795 2787 quae
819 2754 854 2788 p.
871 2746 924 2787 33,
939 2745 1117 2787 22-34,3
1141 2744 1320 2789 leguntur,
1343 2744 1478 2778 nescio.

299 2798 329 2842 4)
360 2796 414 2834 Cf.
445 2797 686 2844 Chrysippum
722 2809 778 2844 ap.
817 2798 992 2836 Galenum
1032 2799 1079 2835 de
1115 2799 1207 2846 plac.
1246 2800 1354 2846 Hipp.
1387 2802 1424 2834 et
1454 2799 1543 2836 Plat.
1577 2799 1629 2835 111
1647 2803 1666 2837 8

186 2865 221 2899 p.
241 2856 305 2890 318
318 2854 363 2890 M.
387 2853 540 2900 Diogen.
565 2854 607 2891 fr.
626 2858 667 2891 33
680 2853 768 2891 Arn.
