2096 3129
430 141 485 178 46

428 254 598 293 Cornuto
628 253 677 292 de
707 254 864 293 deorum
894 255 1124 303 imaginibus
1155 258 1193 294 et
1221 256 1432 304 insignibus
1462 253 1719 304 proferuntur,
1748 266 1796 293 ea
1823 265 1917 303 quo-

428 333 502 371 que
530 321 779 372 Apollodoro
818 321 951 362 deberi
988 322 1192 373 probabile
1234 326 1293 363 est
1321 325 1480 374 propter
1507 323 1796 372 congruentiam
1826 321 1918 362 Cor-

427 390 510 427 nuti
558 392 596 427 et
644 389 867 439 Porphyrii,
917 401 1030 439 quem
1080 402 1128 428 ex
1173 391 1411 440 Apollodori
1460 401 1577 440 opere
1627 401 1697 429 sua
1744 390 1918 428 hausisse

427 456 604 494 Bortzler
632 457 705 494 1.1.
735 468 772 506 p.
794 457 847 495 30
864 468 948 507 sqq.
978 457 1196 507 suspicatus
1223 461 1292 506 est,
1323 457 1536 497 Reinhardt
1556 457 1776 496 certissimis
1805 468 1918 506 argu-

427 523 565 560 mentis
605 524 732 561 evicit.
790 524 837 561 In
871 524 1016 562 talibus
1044 524 1162 572 igitur
1190 525 1305 562 rebus
1335 524 1570 575 Apollodori
1600 523 1778 562 doctrina
1805 534 1917 573 prae-

427 590 541 639 cipue
576 589 730 629 videtur
765 594 923 630 versata
952 602 1036 630 esse
1065 595 1223 641 praeter
1252 592 1522 641 cognominum
1549 591 1918 640 interpretationem,

427 668 448 694 e
488 657 627 705 quibus
665 658 705 694 iu
745 658 878 706 primis
915 657 1072 696 deorum
1101 669 1234 695 veram
1264 659 1460 697 notionem
1491 661 1529 696 et
1557 660 1731 696 naturam
1763 658 1917 695 elucere

426 724 587 772 putavit.

538 791 608 829 His
653 792 902 840 praemonitis
945 792 1124 830 libellum
1168 795 1210 831 ut
1248 792 1520 842 Apollodorea
1563 792 1790 841 colligamus
1828 803 1915 841 per-

426 859 644 896 lustraturis
683 858 796 897 uobis
834 857 1155 907 proficiscendum
1195 862 1255 897 est
1294 872 1318 896 a
1356 861 1485 909 capite
1521 860 1561 907 6,
1605 870 1680 908 quo
1719 858 1767 896 de
1807 858 1917 897 Rhea

426 926 572 974 agitur:
612 938 701 963 nam
740 927 781 963 in
819 925 894 964 hoc
929 927 1054 975 prima
1084 926 1283 964 doctrinae
1313 927 1608 976 Apollodoreae
1637 926 1802 975 vestigia
1829 937 1914 975 per-

425 993 559 1041 spicua
594 995 693 1030 sunt.
760 993 842 1030 Iam
887 992 1090 1030 Eduardus
1130 992 1327 1032 Schwartz
1373 993 1622 1043 (Apollodor,
1658 992 1760 1042 apud
1790 993 1914 1030 P.-W.

424 1061 442 1098 Ι
462 1072 498 1110 p.
522 1060 601 1099 287
606 1061 630 1098 3
648 1060 721 1110 sq.)
751 1072 773 1099 e
801 1060 962 1099 rationis
992 1061 1242 1110 aequalitate,
1273 1073 1372 1110 quae
1393 1060 1650 1100 intercederet
1669 1061 1769 1099 iuter
1789 1059 1911 1100 schol.

425 1130 501 1177 Ap.
527 1128 601 1167 Rh.
626 1129 645 1165 I
680 1140 715 1165 v.
743 1128 849 1165 1124
879 1131 918 1166 et
947 1129 1157 1174 Oornutea,
1194 1140 1292 1177 quae
1322 1129 1505 1177 leguntur
1535 1140 1571 1178 p.
1599 1130 1635 1176 6,
1656 1129 1680 1166 3
1697 1140 1797 1178 sqq.,
1831 1129 1913 1166 iure

425 1197 587 1245 collegit
616 1208 747 1235 eorum
776 1196 922 1235 fontem
943 1195 1179 1250 Apollodori
1209 1207 1306 1245 opus
1331 1207 1434 1243 esse;
1465 1199 1762 1235 consentaneum
1788 1200 1914 1235 autem

425 1265 483 1301 est
521 1262 619 1301 haec
658 1263 742 1300 illis
781 1263 864 1300 eius
903 1262 1175 1312 disputationis
1211 1274 1232 1299 e
1268 1263 1442 1312 partibus
1480 1263 1653 1310 fluxisse,
1693 1263 1830 1312 quibus
1866 1263 1914 1301 dc

424 1330 522 1369 deae
549 1331 766 1379 insignibus
795 1334 834 1368 et
863 1330 984 1368 sacris
1014 1329 1294 1369 disserebatur:
1324 1330 1496 1369 indidem
1526 1330 1664 1369 hausta
1693 1342 1787 1378 esse,
1817 1343 1914 1380 quae

424 1396 670 1445 antecedunt,
700 1397 944 1436 manifestum
974 1399 1043 1435 est.
1102 1398 1244 1435 Eorum
1275 1400 1414 1444 autem,
1445 1408 1545 1446 quae
1575 1396 1635 1435 his
1664 1398 1914 1447 excipiuntur,

425 1465 615 1514 originem
635 1464 945 1514 Apollodoream
967 1464 1192 1503 Heferm'ehl
1218 1466 1244 1502 1.
1267 1466 1292 1502 1.
1318 1477 1353 1514 p.
1371 1465 1425 1503 30
1451 1466 1584 1503 statuit
1609 1466 1763 1503 collatis
1792 1465 1914 1504 schol.

424 1533 589 1571 Theocr.
616 1532 738 1580 XVII,
762 1533 785 1569 9
809 1524 922 1578 Ἴδας
953 1529 1002 1572 δέ
1026 1542 1133 1582 φασι
1158 1528 1307 1571 πάντα
1334 1527 1388 1571 τὰ
1416 1528 1571 1585 ὑψηλὰ
1602 1525 1683 1585 ὄρη
1713 1524 1801 1572 ἀπὸ
1830 1531 1914 1572 τοῦ

423 1591 498 1640 ἀπ’
530 1592 683 1639 αὐτῶν
713 1595 936 1640 δύνασθαι
966 1596 1077 1638 ἰδεῖν
1106 1596 1255 1639 πάντα
1286 1602 1324 1638 et
1353 1599 1480 1650 Διαφ.
1518 1597 1606 1640 ἐκλ.
1642 1612 1679 1649 p.
1707 1600 1800 1647 450,
1822 1600 1873 1638 23
1886 1601 1914 1648 ¹)

418 1662 531 1719 ’Ίδη.·
571 1662 719 1719 ὑψηλὴ
762 1662 846 1718 γάρ
886 1664 1006 1706 ἐστιν
1046 1660 1135 1706 ἀπὸ
1175 1666 1258 1706 τοῦ
1296 1664 1408 1706 ἰδεῖν
1437 1659 1519 1705 οὖν
1548 1661 1604 1706 τὰ
1632 1664 1760 1718 πέριξ
1788 1660 1815 1717 ἢ
1847 1658 1915 1706 ὅτι

425 1732 658 1785 φαίναεται
700 1728 944 1786 μακρόθεν.
1013 1733 1106 1773 Cum
1156 1733 1216 1773 his
1260 1736 1342 1773 arte
1383 1733 1566 1774 cohaeret
1608 1745 1734 1782 neque
1779 1733 1915 1773 divelli

424 1804 552 1850 potest
581 1801 852 1850 disputationis
881 1802 1043 1847 initium,
1074 1813 1149 1849 quo
1170 1801 1281 1839 Rhea
1307 1794 1487 1853 ὄμβρων
1514 1798 1632 1840 αἰτία
1661 1805 1915 1849 nuncupatur,

424 1880 524 1918 quae
555 1868 613 1906 vis
643 1867 747 1906 haud
778 1868 923 1907 absone
954 1869 989 1907 ei
1018 1867 1116 1906 deae
1144 1868 1334 1915 tribuitur,
1365 1879 1463 1917 quae
1488 1868 1529 1905 in
1549 1867 1703 1906 summis
1724 1868 1914 1907 montibus

424 1936 600 1974 habitare
622 1935 864 1974 credebatur.
907 1936 953 1973 In
974 1935 1090 1974 dubio
1111 1938 1239 1974 autem
1260 1935 1556 1984 relinquendum
1578 1937 1645 1982 est,
1665 1946 1754 1972 num
1775 1936 1916 1973 verilo-

423 2004 571 2053 quium,
608 2003 713 2053 quod
753 2015 773 2042 e
811 2003 1136 2053 praecedentibus
1175 2004 1377 2053 repetitur,
1413 2002 1680 2052 Apollodorus
1710 2003 1912 2052 amplexus

423 2072 491 2117 sit3
521 2083 545 2109 a
574 2071 714 2110 Stoicis
744 2082 830 2109 eum
858 2070 898 2108 id
928 2071 1133 2120 recepisse,
1163 2074 1204 2109 ut
1232 2072 1312 2109 alia
1336 2071 1493 2120 recepit,
1519 2070 1603 2108 veri
1627 2081 1706 2108 nou
1727 2069 1914 2109 dissimile

423 2225 578 2261 conflata
601 2235 683 2260 esse
709 2235 754 2259 ex
770 2234 814 2259 eo
831 2235 896 2270 pro
912 2228 1013 2260 certo
1030 2224 1213 2270 probatur,
1238 2224 1340 2269 quod
1356 2223 1590 2270 explicationi
1606 2223 1716 2258 oloris
1733 2222 1914 2269 Apollinis

423 2283 517 2318 sacri
541 2281 714 2318 adhaeret
737 2283 961 2327 cognominis
978 2279 1112 2327 Δήλιος
1134 2282 1395 2327 interpretatio,
1420 2291 1527 2327 quam
1553 2292 1573 2316 e
1596 2281 1766 2316 continua
1781 2291 1914 2326 cogno-

423 2339 557 2373 minum
580 2338 674 2373 serie
699 2338 860 2373 avulsam
885 2348 966 2373 esse
990 2341 1153 2383 apparet.
1199 2338 1328 2383 Neque
1352 2347 1442 2372 vero
1466 2340 1530 2372 aut
1552 2336 1650 2381 apud
1673 2336 1913 2383 Porphyrium

422 2398 484 2430 aut
518 2393 618 2440 apud
653 2393 849 2430 Cornutum
884 2400 1062 2440 perpetua
1096 2394 1298 2430 narratione
1340 2394 1387 2430 de
1422 2393 1580 2429 omnium
1616 2391 1766 2429 deorum
1801 2393 1914 2429 sacris

421 2451 551 2495 agitur,
574 2449 641 2484 sed
665 2450 732 2484 hae
754 2459 814 2484 res
836 2460 907 2484 una
929 2461 1011 2485 cum
1028 2450 1251 2494 singulorum
1267 2449 1420 2485 deorum
1436 2448 1595 2483 notionis
1612 2448 1912 2493 explicationibus

420 2505 672 2542 absolvuntur.
712 2504 793 2540 Huc
816 2505 967 2549 accedit,
992 2505 1092 2551 qnod
1114 2516 1232 2541 rerum
1257 2505 1347 2541 ordo
1371 2516 1394 2541 a
1409 2504 1568 2541 Cornuto
1593 2504 1729 2549 optime
1746 2508 1912 2541 servatus

420 2561 483 2606 (cf.
508 2563 633 2607 supra)
663 2560 709 2596 ab
734 2561 924 2597 Eustathio
955 2562 1167 2607 pravissime
1191 2561 1374 2598 turbatur:
1406 2561 1482 2606 agit
1506 2560 1598 2596 enim
1623 2559 1669 2596 de
1693 2560 1839 2607 avibus,
1864 2561 1911 2597 de

420 2618 564 2664 plantis,
590 2617 637 2653 de
660 2616 834 2663 piscibus,
859 2617 905 2653 de
929 2618 1141 2655 animalibus
1164 2617 1405 2655 terrestribus.

536 2699 564 2742 ¹)
596 2696 650 2732 Cf.
676 2695 894 2732 Hefermehl.
918 2707 953 2741 p.
973 2700 1024 2732 18.
1080 2697 1134 2733 Cf.
1160 2698 1267 2733 etiam
1298 2697 1450 2732 Ioannes
1480 2695 1674 2740 Mauropus
1705 2707 1737 2731 v.
1756 2701 1797 2731 70
1822 2692 1912 2742 ὅρος

421 2748 451 2788 ὸ’
476 2750 621 2800 ὁρατόν
644 2748 790 2797 ὄμμασι
816 2754 879 2787 καὶ
904 2752 1115 2799 μακρόθεν.
