<?xml version="1.0" encoding="UTF-8"?>
<!DOCTYPE html PUBLIC "-//W3C//DTD XHTML 1.0 Transitional//EN"
    "http://www.w3.org/TR/xhtml1/DTD/xhtml1-transitional.dtd">
<html xmlns="http://www.w3.org/1999/xhtml" xml:lang="en" lang="en">
 <head>
  <title>
</title>
<meta http-equiv="Content-Type" content="text/html;charset=utf-8" />
  <meta name='ocr-system' content='tesseract 3.04.00' />
  <meta name='ocr-capabilities' content='ocr_page ocr_carea ocr_par ocr_line ocrx_word'/>
</head>
<body>
  <div class='ocr_page' id='page_1' title='image "4738063_0111.png"; bbox 0 0 2096 3129; ppageno 0'>
   <div class='ocr_carea' id='block_1_1' title="bbox 347 176 401 213">
    <p class='ocr_par' dir='ltr' id='par_1_1' title="bbox 347 176 401 213">
     <span class='ocr_line' id='line_1_1' title="bbox 347 176 401 213; baseline 0 0"><span class='ocrx_word' id='word_1_1' title='bbox 347 176 401 213; x_wconf 79' lang='lat'><strong>92</strong></span> 
     </span>
    </p>
   </div>
   <div class='ocr_carea' id='block_1_2' title="bbox 345 281 1834 810">
    <p class='ocr_par' dir='ltr' id='par_1_2' title="bbox 345 281 1834 810">
     <span class='ocr_line' id='line_1_2' title="bbox 460 281 1832 337; baseline -0.006 -10"><span class='ocrx_word' id='word_1_2' title='bbox 460 288 784 328; x_wconf 83' lang='lat' dir='ltr'><strong>Commentarinm</strong></span> <span class='ocrx_word' id='word_1_3' title='bbox 822 286 1074 337; x_wconf 82' lang='lat' dir='ltr'><strong>Theogoniae</strong></span> <span class='ocrx_word' id='word_1_4' title='bbox 1112 284 1290 333; x_wconf 79' lang='lat' dir='ltr'><strong>Hesiodi,</strong></span> <span class='ocrx_word' id='word_1_5' title='bbox 1328 295 1442 334; x_wconf 88' lang='lat' dir='ltr'><strong>quem</strong></span> <span class='ocrx_word' id='word_1_6' title='bbox 1479 283 1671 323; x_wconf 77' lang='lat' dir='ltr'><strong>Cornutus</strong></span> <span class='ocrx_word' id='word_1_7' title='bbox 1707 292 1745 331; x_wconf 88' lang='lat' dir='ltr'><strong>p.</strong></span> <span class='ocrx_word' id='word_1_8' title='bbox 1766 281 1832 329; x_wconf 75' lang='lat'><strong>27,</strong></span> 
     </span>
     <span class='ocr_line' id='line_1_3' title="bbox 349 349 1833 405; baseline -0.005 -10"><span class='ocrx_word' id='word_1_9' title='bbox 349 356 537 404; x_wconf 82' lang='lat'>19—31,</span> <span class='ocrx_word' id='word_1_10' title='bbox 556 356 607 395; x_wconf 90' lang='grc'><strong>18</strong></span> <span class='ocrx_word' id='word_1_11' title='bbox 643 356 682 394; x_wconf 90' lang='lat' dir='ltr'><strong>et</strong></span> <span class='ocrx_word' id='word_1_12' title='bbox 710 366 748 405; x_wconf 86' lang='lat' dir='ltr'><strong>p.</strong></span> <span class='ocrx_word' id='word_1_13' title='bbox 769 355 806 403; x_wconf 88' lang='grc'><strong>6,</strong></span> <span class='ocrx_word' id='word_1_14' title='bbox 823 354 985 404; x_wconf 82' lang='grc'>20-8,</span> <span class='ocrx_word' id='word_1_15' title='bbox 1003 355 1026 392; x_wconf 88' lang='grc'>9</span> <span class='ocrx_word' id='word_1_16' title='bbox 1057 352 1257 401; x_wconf 73' lang='lat' dir='ltr'>exscribit,</span> <span class='ocrx_word' id='word_1_17' title='bbox 1294 349 1510 391; x_wconf 79' lang='lat' dir='ltr'><strong>Reinhardt</strong></span> <span class='ocrx_word' id='word_1_18' title='bbox 1537 362 1575 401; x_wconf 91' lang='lat' dir='ltr'><strong>p.</strong></span> <span class='ocrx_word' id='word_1_19' title='bbox 1595 349 1649 389; x_wconf 79' lang='lat'><strong>28</strong></span> <span class='ocrx_word' id='word_1_20' title='bbox 1659 361 1716 400; x_wconf 87' lang='lat' dir='ltr'><strong>sq.</strong></span> <span class='ocrx_word' id='word_1_21' title='bbox 1743 349 1833 399; x_wconf 88' lang='lat' dir='ltr'><strong>post</strong></span> 
     </span>
     <span class='ocr_line' id='line_1_4' title="bbox 346 417 1833 474; baseline -0.005 -11"><span class='ocrx_word' id='word_1_22' title='bbox 346 423 547 464; x_wconf 82' lang='lat' dir='ltr'><strong>Posidonii</strong></span> <span class='ocrx_word' id='word_1_23' title='bbox 595 426 771 474; x_wconf 88' lang='lat' dir='ltr'><strong>tempora</strong></span> <span class='ocrx_word' id='word_1_24' title='bbox 821 422 1038 462; x_wconf 82' lang='lat' dir='ltr'><strong>confectum</strong></span> <span class='ocrx_word' id='word_1_25' title='bbox 1088 433 1173 461; x_wconf 87' lang='lat' dir='ltr'><strong>esse</strong></span> <span class='ocrx_word' id='word_1_26' title='bbox 1217 419 1431 467; x_wconf 82' lang='lat' dir='ltr'><strong>contendit3</strong></span> <span class='ocrx_word' id='word_1_27' title='bbox 1480 417 1551 458; x_wconf 90' lang='lat' dir='ltr'><strong>sed</strong></span> <span class='ocrx_word' id='word_1_28' title='bbox 1593 417 1678 457; x_wconf 89' lang='lat' dir='ltr'><strong>eius</strong></span> <span class='ocrx_word' id='word_1_29' title='bbox 1720 427 1833 468; x_wconf 79' lang='lat' dir='ltr'><strong>argu-</strong></span> 
     </span>
     <span class='ocr_line' id='line_1_5' title="bbox 346 483 1834 540; baseline -0.005 -9"><span class='ocrx_word' id='word_1_30' title='bbox 346 492 533 531; x_wconf 75' lang='lat' dir='ltr'><strong>mentatio</strong></span> <span class='ocrx_word' id='word_1_31' title='bbox 575 492 781 531; x_wconf 85' lang='lat' dir='ltr'><strong>verborum</strong></span> <span class='ocrx_word' id='word_1_32' title='bbox 832 490 1028 540; x_wconf 79' lang='lat' dir='ltr'><strong>aequitate</strong></span> <span class='ocrx_word' id='word_1_33' title='bbox 1071 489 1171 538; x_wconf 87' lang='lat' dir='ltr'><strong>nisa,</strong></span> <span class='ocrx_word' id='word_1_34' title='bbox 1215 499 1316 539; x_wconf 89' lang='lat' dir='ltr'><strong>quae</strong></span> <span class='ocrx_word' id='word_1_35' title='bbox 1359 498 1438 527; x_wconf 92' lang='lat' dir='ltr'><strong>non</strong></span> <span class='ocrx_word' id='word_1_36' title='bbox 1479 484 1635 526; x_wconf 82' lang='lat' dir='ltr'><strong>easdem</strong></span> <span class='ocrx_word' id='word_1_37' title='bbox 1677 483 1729 524; x_wconf 88' lang='lat' dir='ltr'><strong>ad</strong></span> <span class='ocrx_word' id='word_1_38' title='bbox 1770 495 1834 524; x_wconf 91' lang='lat' dir='ltr'><strong>res</strong></span> 
     </span>
     <span class='ocr_line' id='line_1_6' title="bbox 346 552 1834 609; baseline -0.006 -10"><span class='ocrx_word' id='word_1_39' title='bbox 346 558 601 609; x_wconf 86' lang='lat' dir='ltr'><strong>explicandas</strong></span> <span class='ocrx_word' id='word_1_40' title='bbox 636 558 880 606; x_wconf 68' lang='lat' dir='ltr'><strong>adhibentur,</strong></span> <span class='ocrx_word' id='word_1_41' title='bbox 917 557 982 605; x_wconf 87' lang='lat' dir='ltr'><strong>iis,</strong></span> <span class='ocrx_word' id='word_1_42' title='bbox 1022 568 1122 606; x_wconf 81' lang='lat' dir='ltr'><strong>quae</strong></span> <span class='ocrx_word' id='word_1_43' title='bbox 1158 556 1316 606; x_wconf 83' lang='lat' dir='ltr'><strong>Gruppe</strong></span> <span class='ocrx_word' id='word_1_44' title='bbox 1352 556 1393 593; x_wconf 91' lang='lat' dir='ltr'><strong>in</strong></span> <span class='ocrx_word' id='word_1_45' title='bbox 1431 554 1514 594; x_wconf 90' lang='lat' dir='ltr'><strong>eius</strong></span> <span class='ocrx_word' id='word_1_46' title='bbox 1549 552 1641 592; x_wconf 90' lang='lat' dir='ltr'><strong>libri</strong></span> <span class='ocrx_word' id='word_1_47' title='bbox 1669 563 1834 591; x_wconf 90' lang='lat' dir='ltr'><strong>censura</strong></span> 
     </span>
     <span class='ocr_line' id='line_1_7' title="bbox 346 618 1834 677; baseline -0.006 -11"><span class='ocrx_word' id='word_1_48' title='bbox 346 627 406 677; x_wconf 93' lang='grc' dir='ltr'><strong>(Β.</strong></span> <span class='ocrx_word' id='word_1_49' title='bbox 431 626 496 676; x_wconf 89' lang='lat' dir='ltr'><strong>ph.</strong></span> <span class='ocrx_word' id='word_1_50' title='bbox 516 626 577 665; x_wconf 88' lang='lat' dir='ltr'><strong>W.</strong></span> <span class='ocrx_word' id='word_1_51' title='bbox 596 626 702 665; x_wconf 89' lang='lat'>1911</span> <span class='ocrx_word' id='word_1_52' title='bbox 729 625 799 667; x_wconf 84' lang='lat' dir='ltr'><strong>Nr.</strong></span> <span class='ocrx_word' id='word_1_53' title='bbox 818 623 956 677; x_wconf 75' lang='lat' dir='ltr'>15J16‚</span> <span class='ocrx_word' id='word_1_54' title='bbox 985 636 1023 674; x_wconf 90' lang='lat' dir='ltr'><strong>p.</strong></span> <span class='ocrx_word' id='word_1_55' title='bbox 1044 623 1143 673; x_wconf 85' lang='lat'><strong>473)</strong></span> <span class='ocrx_word' id='word_1_56' title='bbox 1182 622 1408 673; x_wconf 88' lang='lat' dir='ltr'><strong>disputavit,</strong></span> <span class='ocrx_word' id='word_1_57' title='bbox 1445 620 1564 660; x_wconf 84' lang='lat' dir='ltr'><strong>valde</strong></span> <span class='ocrx_word' id='word_1_58' title='bbox 1601 618 1834 669; x_wconf 80' lang='lat' dir='ltr'><strong>infringitur.</strong></span> 
     </span>
     <span class='ocr_line' id='line_1_8' title="bbox 345 686 1833 744; baseline -0.006 -10"><span class='ocrx_word' id='word_1_59' title='bbox 345 695 486 744; x_wconf 82' lang='lat' dir='ltr'><strong>Neque</strong></span> <span class='ocrx_word' id='word_1_60' title='bbox 529 693 615 733; x_wconf 87' lang='lat' dir='ltr'><strong>fieri</strong></span> <span class='ocrx_word' id='word_1_61' title='bbox 658 695 803 743; x_wconf 89' lang='lat' dir='ltr'><strong>potest,</strong></span> <span class='ocrx_word' id='word_1_62' title='bbox 846 695 890 730; x_wconf 92' lang='lat' dir='ltr'><strong>ut</strong></span> <span class='ocrx_word' id='word_1_63' title='bbox 933 703 1005 742; x_wconf 90' lang='lat' dir='ltr'><strong>pro</strong></span> <span class='ocrx_word' id='word_1_64' title='bbox 1044 692 1151 730; x_wconf 87' lang='lat' dir='ltr'><strong>certo</strong></span> <span class='ocrx_word' id='word_1_65' title='bbox 1189 689 1384 740; x_wconf 87' lang='lat' dir='ltr'><strong>probetur,</strong></span> <span class='ocrx_word' id='word_1_66' title='bbox 1423 688 1562 739; x_wconf 88' lang='lat' dir='ltr'><strong>quibus</strong></span> <span class='ocrx_word' id='word_1_67' title='bbox 1599 686 1833 738; x_wconf 86' lang='lat' dir='ltr'><strong>temporibus</strong></span> 
     </span>
     <span class='ocr_line' id='line_1_9' title="bbox 346 753 1766 810; baseline -0.006 -8"><span class='ocrx_word' id='word_1_68' title='bbox 346 763 418 801; x_wconf 90' lang='lat' dir='ltr'><strong>ille</strong></span> <span class='ocrx_word' id='word_1_69' title='bbox 448 762 746 802; x_wconf 88' lang='lat' dir='ltr'><strong>commentarius</strong></span> <span class='ocrx_word' id='word_1_70' title='bbox 776 760 1011 810; x_wconf 87' lang='lat' dir='ltr'><strong>compositus</strong></span> <span class='ocrx_word' id='word_1_71' title='bbox 1040 757 1181 797; x_wconf 90' lang='lat' dir='ltr'><strong>nedum</strong></span> <span class='ocrx_word' id='word_1_72' title='bbox 1211 757 1298 807; x_wconf 87' lang='lat' dir='ltr'><strong>quis</strong></span> <span class='ocrx_word' id='word_1_73' title='bbox 1323 759 1458 796; x_wconf 84' lang='lat' dir='ltr'><strong>auctor</strong></span> <span class='ocrx_word' id='word_1_74' title='bbox 1483 754 1681 795; x_wconf 88' lang='lat' dir='ltr'><strong>ducendus</strong></span> <span class='ocrx_word' id='word_1_75' title='bbox 1705 753 1766 793; x_wconf 87' lang='lat' dir='ltr'><strong>sit.</strong></span> 
     </span>
    </p>
   </div>
   <div class='ocr_carea' id='block_1_3' title="bbox 347 835 1835 1027">
    <p class='ocr_par' dir='ltr' id='par_1_3' title="bbox 347 835 1835 1027">
     <span class='ocr_line' id='line_1_10' title="bbox 460 835 1835 889; baseline -0.006 -9"><span class='ocrx_word' id='word_1_76' title='bbox 460 841 683 880; x_wconf 80' lang='lat' dir='ltr'><strong>Nonnullae</strong></span> <span class='ocrx_word' id='word_1_77' title='bbox 720 839 1060 889; x_wconf 81' lang='lat' dir='ltr'><strong>interpretationes</strong></span> <span class='ocrx_word' id='word_1_78' title='bbox 1101 836 1331 876; x_wconf 87' lang='lat' dir='ltr'><strong>vetustiores</strong></span> <span class='ocrx_word' id='word_1_79' title='bbox 1368 836 1410 874; x_wconf 91' lang='lat' dir='ltr'><strong>in</strong></span> <span class='ocrx_word' id='word_1_80' title='bbox 1444 847 1491 875; x_wconf 90' lang='lat' dir='ltr'><strong>eo</strong></span> <span class='ocrx_word' id='word_1_81' title='bbox 1524 835 1650 874; x_wconf 89' lang='lat' dir='ltr'><strong>inesse</strong></span> <span class='ocrx_word' id='word_1_82' title='bbox 1685 835 1835 873; x_wconf 85' lang='lat' dir='ltr'><strong>constat</strong></span> 
     </span>
     <span class='ocr_line' id='line_1_11' title="bbox 347 901 1834 959; baseline -0.006 -11"><span class='ocrx_word' id='word_1_83' title='bbox 347 909 603 959; x_wconf 80' lang='lat' dir='ltr'><strong>congruentia</strong></span> <span class='ocrx_word' id='word_1_84' title='bbox 631 908 791 948; x_wconf 90' lang='lat' dir='ltr'><strong>Cornuti</strong></span> <span class='ocrx_word' id='word_1_85' title='bbox 825 906 1075 954; x_wconf 78' lang='lat' dir='ltr'><strong>scholiorum,</strong></span> <span class='ocrx_word' id='word_1_86' title='bbox 1110 916 1210 955; x_wconf 88' lang='lat' dir='ltr'><strong>quae</strong></span> <span class='ocrx_word' id='word_1_87' title='bbox 1245 905 1400 944; x_wconf 88' lang='lat' dir='ltr'><strong>servata</strong></span> <span class='ocrx_word' id='word_1_88' title='bbox 1428 905 1528 952; x_wconf 88' lang='lat' dir='ltr'><strong>sunt,</strong></span> <span class='ocrx_word' id='word_1_89' title='bbox 1556 902 1712 942; x_wconf 87' lang='lat' dir='ltr'><strong>Ioannis</strong></span> <span class='ocrx_word' id='word_1_90' title='bbox 1741 901 1834 940; x_wconf 87' lang='lat' dir='ltr'><strong>Dia-</strong></span> 
     </span>
     <span class='ocr_line' id='line_1_12' title="bbox 347 976 751 1027; baseline 0 -11"><span class='ocrx_word' id='word_1_91' title='bbox 347 977 435 1016; x_wconf 91' lang='lat' dir='ltr'><strong>coni</strong></span> <span class='ocrx_word' id='word_1_92' title='bbox 464 976 751 1027; x_wconf 77' lang='lat' dir='ltr'><strong>allegoriarum.</strong></span> 
     </span>
    </p>
   </div>
   <div class='ocr_carea' id='block_1_4' title="bbox 459 1087 964 1138">
    <p class='ocr_par' dir='ltr' id='par_1_4' title="bbox 459 1087 964 1138">
     <span class='ocr_line' id='line_1_13' title="bbox 459 1087 964 1138; baseline -0.008 -8"><span class='ocrx_word' id='word_1_93' title='bbox 459 1089 645 1130; x_wconf 86' lang='lat' dir='ltr'><strong>Conferas</strong></span> <span class='ocrx_word' id='word_1_94' title='bbox 674 1100 819 1138; x_wconf 87' lang='lat' dir='ltr'><strong>quaeso</strong></span> <span class='ocrx_word' id='word_1_95' title='bbox 849 1087 964 1127; x_wconf 85' lang='lat' dir='ltr'><strong>haec:</strong></span> 
     </span>
    </p>
   </div>
   <div class='ocr_carea' id='block_1_5' title="bbox 346 1173 1060 1445">
    <p class='ocr_par' dir='ltr' id='par_1_5' title="bbox 607 1173 801 1211">
     <span class='ocr_line' id='line_1_14' title="bbox 607 1173 801 1211; baseline -0.005 0"><span class='ocrx_word' id='word_1_96' title='bbox 607 1173 801 1211; x_wconf 84' lang='lat' dir='ltr'><strong>Cornutus.</strong></span> 
     </span>
    </p>

    <p class='ocr_par' dir='ltr' id='par_1_6' title="bbox 346 1226 1060 1445">
     <span class='ocr_line' id='line_1_15' title="bbox 392 1226 1055 1278; baseline -0.006 -10"><span class='ocrx_word' id='word_1_97' title='bbox 392 1244 428 1278; x_wconf 91' lang='lat' dir='ltr'><strong>p.</strong></span> <span class='ocrx_word' id='word_1_98' title='bbox 446 1235 549 1277; x_wconf 81' lang='lat'><strong>28,7:</strong></span> <span class='ocrx_word' id='word_1_99' title='bbox 584 1227 665 1267; x_wconf 71' lang='grc' dir='ltr'><strong><em>ἔστι</em></strong></span> <span class='ocrx_word' id='word_1_100' title='bbox 696 1229 737 1267; x_wconf 76' lang='grc' dir='ltr'><strong>δὲ</strong></span> <span class='ocrx_word' id='word_1_101' title='bbox 763 1227 871 1272; x_wconf 85' lang='grc' dir='ltr'><em>Χάος</em></span> <span class='ocrx_word' id='word_1_102' title='bbox 901 1228 974 1274; x_wconf 76' lang='grc' dir='ltr'><strong><em>μὲν</em></strong></span> <span class='ocrx_word' id='word_1_103' title='bbox 1012 1226 1055 1264; x_wconf 89' lang='grc' dir='ltr'><strong>τὸ</strong></span> 
     </span>
     <span class='ocr_line' id='line_1_16' title="bbox 347 1281 1060 1334; baseline -0.004 -11"><span class='ocrx_word' id='word_1_104' title='bbox 347 1285 420 1334; x_wconf 85' lang='grc' dir='ltr'><strong>πρὸ</strong></span> <span class='ocrx_word' id='word_1_105' title='bbox 446 1292 513 1333; x_wconf 84' lang='grc' dir='ltr'><strong>τῆς</strong></span> <span class='ocrx_word' id='word_1_106' title='bbox 537 1281 826 1333; x_wconf 81' lang='grc' dir='ltr'><strong><em>διακοσμήσεως</em></strong></span> <span class='ocrx_word' id='word_1_107' title='bbox 846 1282 1060 1331; x_wconf 78' lang='grc' dir='ltr'><strong><em>γενόμενον</em></strong></span> 
     </span>
     <span class='ocr_line' id='line_1_17' title="bbox 346 1336 1058 1390; baseline -0.003 -10"><span class='ocrx_word' id='word_1_108' title='bbox 346 1341 478 1390; x_wconf 77' lang='grc' dir='ltr'><strong><em>ὑγρόν,</em></strong></span> <span class='ocrx_word' id='word_1_109' title='bbox 525 1339 601 1379; x_wconf 70' lang='lat' dir='ltr'><strong>dud</strong></span> <span class='ocrx_word' id='word_1_110' title='bbox 641 1347 710 1390; x_wconf 88' lang='grc' dir='ltr'><strong>τῆς</strong></span> <span class='ocrx_word' id='word_1_111' title='bbox 745 1339 896 1389; x_wconf 83' lang='grc' dir='ltr'><strong><em>χὺσεως</em></strong></span> <span class='ocrx_word' id='word_1_112' title='bbox 935 1336 1058 1384; x_wconf 65' lang='grc' dir='ltr'><strong><em>οὕτως</em></strong></span> 
     </span>
     <span class='ocr_line' id='line_1_18' title="bbox 348 1395 636 1445; baseline 0 -9"><span class='ocrx_word' id='word_1_113' title='bbox 348 1395 636 1445; x_wconf 77' lang='grc' dir='ltr'><strong><em>ὠνομασμένον.</em></strong></span> 
     </span>
    </p>
   </div>
   <div class='ocr_carea' id='block_1_6' title="bbox 347 1576 1059 1797">
    <p class='ocr_par' dir='ltr' id='par_1_7' title="bbox 347 1576 1059 1797">
     <span class='ocr_line' id='line_1_19' title="bbox 392 1576 1058 1628; baseline -0.005 -10"><span class='ocrx_word' id='word_1_114' title='bbox 392 1593 429 1628; x_wconf 88' lang='lat' dir='ltr'><strong>p.</strong></span> <span class='ocrx_word' id='word_1_115' title='bbox 446 1584 574 1626; x_wconf 83' lang='lat'>28,16:</span> <span class='ocrx_word' id='word_1_116' title='bbox 599 1579 663 1617; x_wconf 82' lang='grc' dir='ltr'><strong>καὶ</strong></span> <span class='ocrx_word' id='word_1_117' title='bbox 686 1578 734 1616; x_wconf 84' lang='grc' dir='ltr'><strong>τὰ</strong></span> <span class='ocrx_word' id='word_1_118' title='bbox 757 1576 945 1627; x_wconf 81' lang='grc' dir='ltr'><strong><em>ἠερόεντα</em></strong></span> <span class='ocrx_word' id='word_1_119' title='bbox 964 1576 1058 1625; x_wconf 88' lang='grc' dir='ltr'><strong><em>Τάρ-</em></strong></span> 
     </span>
     <span class='ocr_line' id='line_1_20' title="bbox 348 1632 1059 1685; baseline -0.004 -11"><span class='ocrx_word' id='word_1_120' title='bbox 348 1651 463 1685; x_wconf 88' lang='grc' dir='ltr'><strong><em>ταρα,</em></strong></span> <span class='ocrx_word' id='word_1_121' title='bbox 488 1633 511 1673; x_wconf 76' lang='grc' dir='ltr'><em>ἃ</em></span> <span class='ocrx_word' id='word_1_122' title='bbox 537 1634 580 1683; x_wconf 82' lang='grc' dir='ltr'><strong>δὴ</strong></span> <span class='ocrx_word' id='word_1_123' title='bbox 604 1634 726 1683; x_wconf 87' lang='grc' dir='ltr'><strong><em>μυχὸν</em></strong></span> <span class='ocrx_word' id='word_1_124' title='bbox 750 1639 830 1684; x_wconf 83' lang='grc' dir='ltr'><strong>Γῆς</strong></span> <span class='ocrx_word' id='word_1_125' title='bbox 854 1632 1059 1680; x_wconf 75' lang='grc' dir='ltr'><strong><em>ὠνόμασεν</em></strong></span> 
     </span>
     <span class='ocr_line' id='line_1_21' title="bbox 347 1690 1058 1742; baseline -0.004 -11"><span class='ocrx_word' id='word_1_126' title='bbox 347 1690 368 1731; x_wconf 82' lang='grc' dir='ltr'><em>ὃ</em></span> <span class='ocrx_word' id='word_1_127' title='bbox 395 1691 675 1741; x_wconf 80' lang='grc' dir='ltr'><strong><em>προειρημένος</em></strong></span> <span class='ocrx_word' id='word_1_128' title='bbox 698 1691 855 1739; x_wconf 81' lang='grc' dir='ltr'><strong><em>ποιητής</em></strong></span> <span class='ocrx_word' id='word_1_129' title='bbox 879 1697 933 1742; x_wconf 75' lang='grc' dir='ltr'><strong>τῷ</strong></span> <span class='ocrx_word' id='word_1_130' title='bbox 954 1705 1058 1740; x_wconf 86' lang='grc' dir='ltr'><strong><em>περι-</em></strong></span> 
     </span>
     <span class='ocr_line' id='line_1_22' title="bbox 348 1746 990 1797; baseline -0.002 -10"><span class='ocrx_word' id='word_1_131' title='bbox 348 1747 545 1797; x_wconf 84' lang='grc' dir='ltr'><strong><em>ειληφέναι</em></strong></span> <span class='ocrx_word' id='word_1_132' title='bbox 568 1746 686 1797; x_wconf 75' lang='grc' dir='ltr'><strong><em>αὐτήν</em></strong></span> <span class='ocrx_word' id='word_1_133' title='bbox 707 1751 773 1786; x_wconf 83' lang='grc' dir='ltr'><strong>καὶ</strong></span> <span class='ocrx_word' id='word_1_134' title='bbox 796 1747 990 1797; x_wconf 84' lang='grc' dir='ltr'><strong><em>κρύπτειν.</em></strong></span> 
     </span>
    </p>
   </div>
   <div class='ocr_carea' id='block_1_7' title="bbox 349 1868 1060 2035">
    <p class='ocr_par' dir='ltr' id='par_1_8' title="bbox 349 1868 1060 2035">
     <span class='ocr_line' id='line_1_23' title="bbox 393 1868 1058 1921; baseline -0.003 -11"><span class='ocrx_word' id='word_1_135' title='bbox 393 1886 428 1920; x_wconf 89' lang='lat' dir='ltr'><strong>p.</strong></span> <span class='ocrx_word' id='word_1_136' title='bbox 447 1877 552 1916; x_wconf 83' lang='lat'>29‚9:</span> <span class='ocrx_word' id='word_1_137' title='bbox 660 1879 742 1917; x_wconf 90' lang='grc' dir='ltr'><strong><em>τοῖς</em></strong></span> <span class='ocrx_word' id='word_1_138' title='bbox 775 1868 830 1911; x_wconf 77' lang='grc' dir='ltr'><strong>ἐπ’</strong></span> <span class='ocrx_word' id='word_1_139' title='bbox 864 1869 968 1921; x_wconf 73' lang='grc' dir='ltr'><strong><em>αὐτῷ</em></strong></span> <span class='ocrx_word' id='word_1_140' title='bbox 998 1871 1058 1909; x_wconf 81' lang='grc' dir='ltr'><strong>θέ-</strong></span> 
     </span>
     <span class='ocr_line' id='line_1_24' title="bbox 349 1925 1060 1977; baseline -0.001 -11"><span class='ocrx_word' id='word_1_141' title='bbox 349 1943 457 1967; x_wconf 92' lang='grc' dir='ltr'><strong><em>ουσιν</em></strong></span> <span class='ocrx_word' id='word_1_142' title='bbox 492 1926 649 1976; x_wconf 81' lang='grc' dir='ltr'><strong><em>ἄστροις</em></strong></span> <span class='ocrx_word' id='word_1_143' title='bbox 679 1931 916 1977; x_wconf 81' lang='grc' dir='ltr'><strong><em>μακραίωσιν</em></strong></span> <span class='ocrx_word' id='word_1_144' title='bbox 951 1925 1060 1967; x_wconf 81' lang='grc' dir='ltr'><strong><em>οὖσιν</em></strong></span> 
     </span>
     <span class='ocr_line' id='line_1_25' title="bbox 350 1983 778 2035; baseline -0.002 -11"><span class='ocrx_word' id='word_1_145' title='bbox 350 1983 520 2033; x_wconf 76' lang='grc' dir='ltr'><strong><em>ἀσφαλὲς</em></strong></span> <span class='ocrx_word' id='word_1_146' title='bbox 545 1983 778 2035; x_wconf 81' lang='grc' dir='ltr'><strong><em>οἰκητήριον.</em></strong></span> 
     </span>
    </p>
   </div>
   <div class='ocr_carea' id='block_1_8' title="bbox 348 2287 617 2291">
    <p class='ocr_par' dir='ltr' id='par_1_9' title="bbox 348 2287 617 2291">
     <span class='ocr_line' id='line_1_26' title="bbox 348 2287 617 2291; baseline 0 0"><span class='ocrx_word' id='word_1_147' title='bbox 348 2287 617 2291; x_wconf 95' lang='lat' dir='ltr'><strong> </strong></span> 
     </span>
    </p>
   </div>
   <div class='ocr_carea' id='block_1_9' title="bbox 1123 1168 1836 2260">
    <p class='ocr_par' dir='ltr' id='par_1_10' title="bbox 1404 1168 1558 1206">
     <span class='ocr_line' id='line_1_27' title="bbox 1404 1168 1558 1206; baseline -0.006 0"><span class='ocrx_word' id='word_1_148' title='bbox 1404 1168 1558 1206; x_wconf 85' lang='lat' dir='ltr'><strong>Scholia.</strong></span> 
     </span>
    </p>

    <p class='ocr_par' dir='ltr' id='par_1_11' title="bbox 1123 1223 1834 1385">
     <span class='ocr_line' id='line_1_28' title="bbox 1172 1223 1834 1271; baseline -0.006 -9"><span class='ocrx_word' id='word_1_149' title='bbox 1172 1238 1208 1262; x_wconf 90' lang='lat' dir='ltr'><strong>v.</strong></span> <span class='ocrx_word' id='word_1_150' title='bbox 1236 1229 1316 1262; x_wconf 80' lang='lat'>116:</span> <span class='ocrx_word' id='word_1_151' title='bbox 1359 1225 1403 1261; x_wconf 82' lang='grc' dir='ltr'><strong>Οὶ</strong></span> <span class='ocrx_word' id='word_1_152' title='bbox 1441 1223 1481 1262; x_wconf 84' lang='grc' dir='ltr'><strong>δὲ</strong></span> <span class='ocrx_word' id='word_1_153' title='bbox 1523 1223 1704 1271; x_wconf 79' lang='grc' dir='ltr'><strong><em>εἰρῆσθαί</em></strong></span> <span class='ocrx_word' id='word_1_154' title='bbox 1740 1235 1834 1269; x_wconf 86' lang='grc' dir='ltr'><strong><em>φασι</em></strong></span> 
     </span>
     <span class='ocr_line' id='line_1_29' title="bbox 1123 1274 1834 1329; baseline -0.004 -11"><span class='ocrx_word' id='word_1_155' title='bbox 1123 1280 1219 1329; x_wconf 86' lang='grc' dir='ltr'><strong><em>χάος</em></strong></span> <span class='ocrx_word' id='word_1_156' title='bbox 1257 1278 1363 1329; x_wconf 78' lang='grc' dir='ltr'><strong><em>παρά</em></strong></span> <span class='ocrx_word' id='word_1_157' title='bbox 1401 1278 1445 1317; x_wconf 88' lang='grc' dir='ltr'><strong>τὸ</strong></span> <span class='ocrx_word' id='word_1_158' title='bbox 1483 1282 1655 1327; x_wconf 77' lang='grc' dir='ltr'><strong><em>χεῖσθαι,</em></strong></span> <span class='ocrx_word' id='word_1_159' title='bbox 1690 1274 1717 1316; x_wconf 75' lang='grc' dir='ltr'><strong>δ’</strong></span> <span class='ocrx_word' id='word_1_160' title='bbox 1752 1277 1834 1316; x_wconf 81' lang='grc' dir='ltr'><strong><em>ἐστι</em></strong></span> 
     </span>
     <span class='ocr_line' id='line_1_30' title="bbox 1125 1337 1354 1385; baseline -0.004 -10"><span class='ocrx_word' id='word_1_161' title='bbox 1125 1337 1285 1385; x_wconf 78' lang='grc' dir='ltr'><strong><em>χέεσθαι</em></strong></span> <span class='ocrx_word' id='word_1_162' title='bbox 1299 1366 1306 1375; x_wconf 92' lang='grc'><em>.</em></span> <span class='ocrx_word' id='word_1_163' title='bbox 1321 1367 1330 1375; x_wconf 93' lang='grc'><strong>.</strong></span> <span class='ocrx_word' id='word_1_164' title='bbox 1346 1366 1354 1374; x_wconf 93' lang='grc'><strong>.</strong></span> 
     </span>
    </p>

    <p class='ocr_par' dir='ltr' id='par_1_12' title="bbox 1127 1398 1836 1564">
     <span class='ocr_line' id='line_1_31' title="bbox 1173 1398 1835 1451; baseline -0.003 -10"><span class='ocrx_word' id='word_1_165' title='bbox 1173 1406 1275 1442; x_wconf 87' lang='lat' dir='ltr'><strong>Diac.</strong></span> <span class='ocrx_word' id='word_1_166' title='bbox 1298 1416 1336 1451; x_wconf 87' lang='lat' dir='ltr'><strong>p.</strong></span> <span class='ocrx_word' id='word_1_167' title='bbox 1352 1408 1428 1451; x_wconf 83' lang='lat'><strong>554,</strong></span> <span class='ocrx_word' id='word_1_168' title='bbox 1441 1408 1502 1441; x_wconf 81' lang='lat'><strong>27:</strong></span> <span class='ocrx_word' id='word_1_169' title='bbox 1527 1398 1579 1447; x_wconf 78' lang='grc' dir='ltr'><strong>ὦς</strong></span> <span class='ocrx_word' id='word_1_170' title='bbox 1601 1399 1676 1440; x_wconf 84' lang='grc' dir='ltr'><strong><em>α’πὸ</em></strong></span> <span class='ocrx_word' id='word_1_171' title='bbox 1694 1407 1759 1449; x_wconf 85' lang='grc' dir='ltr'><strong>τῆς</strong></span> <span class='ocrx_word' id='word_1_172' title='bbox 1770 1400 1835 1450; x_wconf 79' lang='grc' dir='ltr'><strong>χύ-</strong></span> 
     </span>
     <span class='ocr_line' id='line_1_32' title="bbox 1128 1457 1836 1508; baseline -0.003 -10"><span class='ocrx_word' id='word_1_173' title='bbox 1128 1474 1228 1504; x_wconf 80' lang='grc' dir='ltr'><strong><em>σεως</em></strong></span> <span class='ocrx_word' id='word_1_174' title='bbox 1261 1458 1537 1508; x_wconf 84' lang='grc' dir='ltr'><strong><em>παρονομάσας</em></strong></span> <span class='ocrx_word' id='word_1_175' title='bbox 1569 1457 1685 1506; x_wconf 87' lang='grc' dir='ltr'><strong><em>χάος·</em></strong></span> <span class='ocrx_word' id='word_1_176' title='bbox 1718 1458 1836 1507; x_wconf 86' lang='grc' dir='ltr'><strong><em>χυτὸν</em></strong></span> 
     </span>
     <span class='ocr_line' id='line_1_33' title="bbox 1127 1511 1677 1564; baseline -0.004 -11"><span class='ocrx_word' id='word_1_177' title='bbox 1127 1515 1203 1564; x_wconf 82' lang='grc' dir='ltr'><strong>γὰρ</strong></span> <span class='ocrx_word' id='word_1_178' title='bbox 1227 1515 1291 1553; x_wconf 81' lang='grc' dir='ltr'><strong>καὶ</strong></span> <span class='ocrx_word' id='word_1_179' title='bbox 1315 1515 1431 1564; x_wconf 85' lang='grc' dir='ltr'><strong><em>ῥυτὸν</em></strong></span> <span class='ocrx_word' id='word_1_180' title='bbox 1453 1514 1499 1554; x_wconf 86' lang='grc' dir='ltr'><strong>τὸ</strong></span> <span class='ocrx_word' id='word_1_181' title='bbox 1523 1511 1677 1563; x_wconf 69' lang='grc' dir='ltr'><strong><em>ῧδωρ.ῑ)</em></strong></span> 
     </span>
    </p>

    <p class='ocr_par' dir='ltr' id='par_1_13' title="bbox 1126 1578 1836 1855">
     <span class='ocr_line' id='line_1_34' title="bbox 1172 1578 1836 1632; baseline -0.002 -10"><span class='ocrx_word' id='word_1_182' title='bbox 1172 1597 1207 1621; x_wconf 88' lang='lat' dir='ltr'><strong>v.</strong></span> <span class='ocrx_word' id='word_1_183' title='bbox 1227 1588 1307 1622; x_wconf 89' lang='lat'>119:</span> <span class='ocrx_word' id='word_1_184' title='bbox 1349 1581 1529 1632; x_wconf 86' lang='grc' dir='ltr'><strong><em>Τάρταρά</em></strong></span> <span class='ocrx_word' id='word_1_185' title='bbox 1567 1578 1599 1620; x_wconf 79' lang='grc' dir='ltr'><strong>τ’</strong></span> <span class='ocrx_word' id='word_1_186' title='bbox 1637 1579 1836 1631; x_wconf 87' lang='grc' dir='ltr'><strong><em>ἠερόεντα.</em></strong></span> 
     </span>
     <span class='ocr_line' id='line_1_35' title="bbox 1134 1637 1836 1688; baseline -0.003 -10"><span class='ocrx_word' id='word_1_187' title='bbox 1134 1639 1189 1678; x_wconf 80' lang='grc' dir='ltr'><strong>Τά</strong></span> <span class='ocrx_word' id='word_1_188' title='bbox 1220 1637 1401 1688; x_wconf 81' lang='grc' dir='ltr'><strong><em>διήκοντα</em></strong></span> <span class='ocrx_word' id='word_1_189' title='bbox 1431 1639 1537 1688; x_wconf 83' lang='grc' dir='ltr'><strong><em>μέχρι</em></strong></span> <span class='ocrx_word' id='word_1_190' title='bbox 1561 1644 1638 1677; x_wconf 86' lang='grc' dir='ltr'><strong><em>τῶν</em></strong></span> <span class='ocrx_word' id='word_1_191' title='bbox 1662 1637 1836 1686; x_wconf 78' lang='grc' dir='ltr'><strong><em>ἐσχάτων</em></strong></span> 
     </span>
     <span class='ocr_line' id='line_1_36' title="bbox 1126 1693 1836 1745; baseline 0.001 -12"><span class='ocrx_word' id='word_1_192' title='bbox 1126 1702 1192 1743; x_wconf 85' lang='grc' dir='ltr'><strong>τῆς</strong></span> <span class='ocrx_word' id='word_1_193' title='bbox 1226 1701 1309 1745; x_wconf 79' lang='grc' dir='ltr'><strong>γῆς.</strong></span> <span class='ocrx_word' id='word_1_194' title='bbox 1354 1693 1539 1745; x_wconf 81' lang='grc' dir='ltr'><strong><em>ἠερόεντα</em></strong></span> <span class='ocrx_word' id='word_1_195' title='bbox 1571 1695 1611 1735; x_wconf 80' lang='grc' dir='ltr'><strong>δὲ</strong></span> <span class='ocrx_word' id='word_1_196' title='bbox 1644 1694 1836 1734; x_wconf 84' lang='grc' dir='ltr'><strong><em>σκοτεινά.</em></strong></span> 
     </span>
     <span class='ocr_line' id='line_1_37' title="bbox 1128 1748 1836 1800; baseline -0.003 -10"><span class='ocrx_word' id='word_1_197' title='bbox 1128 1751 1233 1800; x_wconf 78' lang='grc' dir='ltr'><strong><em>λέγει</em></strong></span> <span class='ocrx_word' id='word_1_198' title='bbox 1270 1753 1310 1791; x_wconf 80' lang='grc' dir='ltr'><strong>δὲ</strong></span> <span class='ocrx_word' id='word_1_199' title='bbox 1341 1751 1411 1790; x_wconf 82' lang='grc' dir='ltr'><strong><em>τὸν</em></strong></span> <span class='ocrx_word' id='word_1_200' title='bbox 1442 1748 1533 1800; x_wconf 81' lang='grc' dir='ltr'><strong><em>οῗέρα</em></strong></span> <span class='ocrx_word' id='word_1_201' title='bbox 1564 1750 1634 1789; x_wconf 83' lang='grc' dir='ltr'><strong><em>τὸν</em></strong></span> <span class='ocrx_word' id='word_1_202' title='bbox 1665 1750 1732 1799; x_wconf 81' lang='grc' dir='ltr'><strong><em>τήν</em></strong></span> <span class='ocrx_word' id='word_1_203' title='bbox 1762 1756 1836 1800; x_wconf 77' lang='grc' dir='ltr'><strong><em>γῆν</em></strong></span> 
     </span>
     <span class='ocr_line' id='line_1_38' title="bbox 1127 1805 1835 1855; baseline 0 -10"><span class='ocrx_word' id='word_1_204' title='bbox 1127 1806 1355 1855; x_wconf 85' lang='grc' dir='ltr'><strong><em>περιέχοντα</em></strong></span> <span class='ocrx_word' id='word_1_205' title='bbox 1378 1810 1442 1845; x_wconf 78' lang='grc' dir='ltr'><strong>καὶ</strong></span> <span class='ocrx_word' id='word_1_206' title='bbox 1465 1805 1509 1844; x_wconf 86' lang='grc' dir='ltr'><strong>τὸ</strong></span> <span class='ocrx_word' id='word_1_207' title='bbox 1534 1810 1622 1855; x_wconf 82' lang='grc' dir='ltr'><strong><em>περὶ</em></strong></span> <span class='ocrx_word' id='word_1_208' title='bbox 1646 1805 1764 1855; x_wconf 68' lang='grc' dir='ltr'><strong><em>αὐτήν</em></strong></span> <span class='ocrx_word' id='word_1_209' title='bbox 1781 1835 1789 1843; x_wconf 95' lang='grc'><strong>.</strong></span> <span class='ocrx_word' id='word_1_210' title='bbox 1804 1837 1835 1845; x_wconf 89' lang='grc'><strong>..</strong></span> 
     </span>
    </p>

    <p class='ocr_par' dir='ltr' id='par_1_14' title="bbox 1127 1870 1836 2260">
     <span class='ocr_line' id='line_1_39' title="bbox 1173 1870 1835 1922; baseline 0 -9"><span class='ocrx_word' id='word_1_211' title='bbox 1173 1877 1275 1913; x_wconf 88' lang='lat' dir='ltr'><strong>Diac.</strong></span> <span class='ocrx_word' id='word_1_212' title='bbox 1298 1888 1335 1922; x_wconf 89' lang='lat' dir='ltr'><strong>p.</strong></span> <span class='ocrx_word' id='word_1_213' title='bbox 1352 1879 1480 1922; x_wconf 84' lang='lat'><strong>555,8:</strong></span> <span class='ocrx_word' id='word_1_214' title='bbox 1512 1871 1595 1912; x_wconf 72' lang='grc' dir='ltr'><strong><em>ἔστι</em></strong></span> <span class='ocrx_word' id='word_1_215' title='bbox 1624 1874 1664 1913; x_wconf 82' lang='grc' dir='ltr'><strong>δὲ</strong></span> <span class='ocrx_word' id='word_1_216' title='bbox 1688 1874 1751 1913; x_wconf 82' lang='grc' dir='ltr'><strong>καὶ</strong></span> <span class='ocrx_word' id='word_1_217' title='bbox 1774 1870 1835 1914; x_wconf 63' lang='lat'><strong>03-</strong></span> 
     </span>
     <span class='ocr_line' id='line_1_40' title="bbox 1128 1927 1836 1979; baseline 0.001 -11"><span class='ocrx_word' id='word_1_218' title='bbox 1128 1946 1205 1975; x_wconf 89' lang='grc' dir='ltr'><strong>τως</strong></span> <span class='ocrx_word' id='word_1_219' title='bbox 1229 1931 1362 1969; x_wconf 83' lang='grc' dir='ltr'><strong><em>εἰπεῖν.</em></strong></span> <span class='ocrx_word' id='word_1_220' title='bbox 1397 1927 1494 1978; x_wconf 76' lang='grc' dir='ltr'><strong>ὅτιῆ</strong></span> <span class='ocrx_word' id='word_1_221' title='bbox 1514 1937 1564 1979; x_wconf 80' lang='grc' dir='ltr'><strong>γῆ</strong></span> <span class='ocrx_word' id='word_1_222' title='bbox 1581 1927 1666 1975; x_wconf 73' lang='grc' dir='ltr'><strong><em>ἕδος</em></strong></span> <span class='ocrx_word' id='word_1_223' title='bbox 1680 1929 1836 1979; x_wconf 81' lang='grc' dir='ltr'><strong><em>λέγεται</em></strong></span> 
     </span>
     <span class='ocr_line' id='line_1_41' title="bbox 1127 1986 1836 2037; baseline 0 -12"><span class='ocrx_word' id='word_1_224' title='bbox 1127 1993 1204 2025; x_wconf 83' lang='grc' dir='ltr'><strong><em>τῶν</em></strong></span> <span class='ocrx_word' id='word_1_225' title='bbox 1226 1991 1343 2033; x_wconf 77' lang='grc' dir='ltr'><strong><em>θεῶν,</em></strong></span> <span class='ocrx_word' id='word_1_226' title='bbox 1367 1986 1544 2037; x_wconf 88' lang='grc' dir='ltr'><strong><em>παρόσον</em></strong></span> <span class='ocrx_word' id='word_1_227' title='bbox 1566 1990 1752 2032; x_wconf 78' lang='grc' dir='ltr'><strong><em>κυκλικῶς</em></strong></span> <span class='ocrx_word' id='word_1_228' title='bbox 1767 1993 1836 2026; x_wconf 86' lang='grc' dir='ltr'><strong>τοῦ</strong></span> 
     </span>
     <span class='ocr_line' id='line_1_42' title="bbox 1128 2041 1836 2093; baseline 0 -11"><span class='ocrx_word' id='word_1_229' title='bbox 1128 2042 1295 2093; x_wconf 72' lang='grc' dir='ltr'><strong><em>οὐρανοῦ</em></strong></span> <span class='ocrx_word' id='word_1_230' title='bbox 1333 2044 1558 2092; x_wconf 81' lang='grc' dir='ltr'><strong><em>κινουμένου</em></strong></span> <span class='ocrx_word' id='word_1_231' title='bbox 1598 2041 1691 2092; x_wconf 67' lang='grc' dir='ltr'><strong><em>αὕτη</em></strong></span> <span class='ocrx_word' id='word_1_232' title='bbox 1732 2044 1836 2082; x_wconf 81' lang='grc' dir='ltr'><strong><em>ἐστίν</em></strong></span> 
     </span>
     <span class='ocr_line' id='line_1_43' title="bbox 1127 2098 1836 2150; baseline 0 -11"><span class='ocrx_word' id='word_1_233' title='bbox 1127 2100 1230 2139; x_wconf 81' lang='grc' dir='ltr'><strong><em>αἰτία</em></strong></span> <span class='ocrx_word' id='word_1_234' title='bbox 1255 2128 1289 2138; x_wconf 94' lang='grc'><strong>..</strong></span> <span class='ocrx_word' id='word_1_235' title='bbox 1308 2128 1317 2138; x_wconf 92' lang='grc'><strong>.</strong></span> <span class='ocrx_word' id='word_1_236' title='bbox 1348 2099 1465 2146; x_wconf 76' lang='grc' dir='ltr'><strong><em>θεοὺς</em></strong></span> <span class='ocrx_word' id='word_1_237' title='bbox 1497 2100 1538 2141; x_wconf 75' lang='grc' dir='ltr'><strong>δὲ</strong></span> <span class='ocrx_word' id='word_1_238' title='bbox 1569 2105 1637 2139; x_wconf 86' lang='grc' dir='ltr'><strong>νῦν</strong></span> <span class='ocrx_word' id='word_1_239' title='bbox 1660 2098 1764 2150; x_wconf 79' lang='grc' dir='ltr'><strong><em>λέγει</em></strong></span> <span class='ocrx_word' id='word_1_240' title='bbox 1787 2099 1836 2139; x_wconf 79' lang='grc' dir='ltr'><strong>τὰ</strong></span> 
     </span>
     <span class='ocr_line' id='line_1_44' title="bbox 1128 2154 1836 2206; baseline -0.003 -10"><span class='ocrx_word' id='word_1_241' title='bbox 1128 2156 1262 2205; x_wconf 80' lang='grc' dir='ltr'><strong><em>ἄστρα,</em></strong></span> <span class='ocrx_word' id='word_1_242' title='bbox 1305 2160 1372 2195; x_wconf 79' lang='grc' dir='ltr'><strong>καὶ</strong></span> <span class='ocrx_word' id='word_1_243' title='bbox 1417 2154 1547 2202; x_wconf 80' lang='grc' dir='ltr'><strong><em>ἁπλῶς</em></strong></span> <span class='ocrx_word' id='word_1_244' title='bbox 1590 2156 1637 2194; x_wconf 83' lang='grc' dir='ltr'><strong>τὰ</strong></span> <span class='ocrx_word' id='word_1_245' title='bbox 1677 2154 1836 2206; x_wconf 74' lang='grc' dir='ltr'><strong><em>οὐράνια</em></strong></span> 
     </span>
     <span class='ocr_line' id='line_1_45' title="bbox 1128 2209 1807 2260; baseline -0.003 -8"><span class='ocrx_word' id='word_1_246' title='bbox 1128 2212 1300 2260; x_wconf 84' lang='grc' dir='ltr'><strong><em>σώματα,</em></strong></span> <span class='ocrx_word' id='word_1_247' title='bbox 1325 2211 1387 2251; x_wconf 75' lang='grc' dir='ltr'><strong><em>διὰ</em></strong></span> <span class='ocrx_word' id='word_1_248' title='bbox 1410 2212 1453 2251; x_wconf 93' lang='grc' dir='ltr'><strong>τὸ</strong></span> <span class='ocrx_word' id='word_1_249' title='bbox 1478 2213 1583 2251; x_wconf 75' lang='grc' dir='ltr'><strong><em>θέειν</em></strong></span> <span class='ocrx_word' id='word_1_250' title='bbox 1608 2209 1679 2251; x_wconf 69' lang='lat' dir='ltr'><strong>olei.</strong></span> <span class='ocrx_word' id='word_1_251' title='bbox 1804 2209 1807 2211; x_wconf 41' lang='lat'>⁵</span> 
     </span>
    </p>
   </div>
   <div class='ocr_carea' id='block_1_10' title="bbox 348 2349 1838 2509">
    <p class='ocr_par' dir='ltr' id='par_1_15' title="bbox 348 2349 1838 2509">
     <span class='ocr_line' id='line_1_46' title="bbox 463 2349 1837 2396; baseline 0.001 -10"><span class='ocrx_word' id='word_1_252' title='bbox 463 2351 492 2395; x_wconf 93' lang='lat'><strong>¹)</strong></span> <span class='ocrx_word' id='word_1_253' title='bbox 525 2350 653 2396; x_wconf 85' lang='lat' dir='ltr'><strong>Neque</strong></span> <span class='ocrx_word' id='word_1_254' title='bbox 686 2350 876 2396; x_wconf 79' lang='lat' dir='ltr'><strong>exscripsit</strong></span> <span class='ocrx_word' id='word_1_255' title='bbox 897 2350 1083 2386; x_wconf 84' lang='lat' dir='ltr'><strong>Diaconus</strong></span> <span class='ocrx_word' id='word_1_256' title='bbox 1107 2350 1324 2396; x_wconf 90' lang='lat' dir='ltr'><strong>Cornutum,</strong></span> <span class='ocrx_word' id='word_1_257' title='bbox 1355 2353 1396 2387; x_wconf 92' lang='lat' dir='ltr'><strong>ut</strong></span> <span class='ocrx_word' id='word_1_258' title='bbox 1418 2349 1581 2387; x_wconf 86' lang='lat' dir='ltr'><strong>Osannus</strong></span> <span class='ocrx_word' id='word_1_259' title='bbox 1603 2360 1638 2396; x_wconf 88' lang='lat' dir='ltr'><strong>p.</strong></span> <span class='ocrx_word' id='word_1_260' title='bbox 1656 2352 1699 2386; x_wconf 87' lang='grc'><strong>89</strong></span> <span class='ocrx_word' id='word_1_261' title='bbox 1722 2353 1837 2396; x_wconf 88' lang='lat' dir='ltr'><strong>putat,</strong></span> 
     </span>
     <span class='ocr_line' id='line_1_47' title="bbox 348 2406 1838 2453; baseline 0.001 -11"><span class='ocrx_word' id='word_1_262' title='bbox 348 2417 479 2453; x_wconf 86' lang='lat' dir='ltr'><strong>neque,</strong></span> <span class='ocrx_word' id='word_1_263' title='bbox 504 2410 544 2443; x_wconf 89' lang='lat' dir='ltr'><strong>ut</strong></span> <span class='ocrx_word' id='word_1_264' title='bbox 559 2406 684 2452; x_wconf 86' lang='lat' dir='ltr'><strong>Flach,</strong></span> <span class='ocrx_word' id='word_1_265' title='bbox 709 2406 828 2443; x_wconf 85' lang='lat' dir='ltr'><strong>Gloss.</strong></span> <span class='ocrx_word' id='word_1_266' title='bbox 845 2417 879 2442; x_wconf 91' lang='lat' dir='ltr'><strong>u.</strong></span> <span class='ocrx_word' id='word_1_267' title='bbox 895 2406 1016 2442; x_wconf 86' lang='lat' dir='ltr'><strong>Schol.</strong></span> <span class='ocrx_word' id='word_1_268' title='bbox 1031 2418 1067 2452; x_wconf 90' lang='lat' dir='ltr'><strong>p.</strong></span> <span class='ocrx_word' id='word_1_269' title='bbox 1085 2409 1128 2442; x_wconf 87' lang='grc'><strong>35</strong></span> <span class='ocrx_word' id='word_1_270' title='bbox 1145 2407 1358 2452; x_wconf 88' lang='lat' dir='ltr'><strong>suspicatur,</strong></span> <span class='ocrx_word' id='word_1_271' title='bbox 1383 2417 1436 2451; x_wconf 86' lang='lat' dir='ltr'><strong>ea,</strong></span> <span class='ocrx_word' id='word_1_272' title='bbox 1459 2407 1496 2442; x_wconf 92' lang='lat' dir='ltr'><strong>in</strong></span> <span class='ocrx_word' id='word_1_273' title='bbox 1512 2406 1644 2452; x_wconf 89' lang='lat' dir='ltr'><strong>quibus</strong></span> <span class='ocrx_word' id='word_1_274' title='bbox 1658 2406 1838 2443; x_wconf 89' lang='lat' dir='ltr'><strong>Cornutus</strong></span> 
     </span>
     <span class='ocr_line' id='line_1_48' title="bbox 348 2461 1838 2509; baseline 0.001 -10"><span class='ocrx_word' id='word_1_275' title='bbox 348 2467 386 2500; x_wconf 89' lang='lat' dir='ltr'><strong>et</strong></span> <span class='ocrx_word' id='word_1_276' title='bbox 419 2463 603 2500; x_wconf 86' lang='lat' dir='ltr'><strong>Diaconus</strong></span> <span class='ocrx_word' id='word_1_277' title='bbox 634 2463 883 2509; x_wconf 85' lang='lat' dir='ltr'><strong>consentiunt,</strong></span> <span class='ocrx_word' id='word_1_278' title='bbox 914 2462 960 2499; x_wconf 84' lang='lat' dir='ltr'><strong>ab</strong></span> <span class='ocrx_word' id='word_1_279' title='bbox 989 2463 1247 2509; x_wconf 73' lang='lat' dir='ltr'><strong>interpolatore</strong></span> <span class='ocrx_word' id='word_1_280' title='bbox 1277 2463 1434 2509; x_wconf 81' lang='lat' dir='ltr'><strong>quodam</strong></span> <span class='ocrx_word' id='word_1_281' title='bbox 1457 2463 1494 2498; x_wconf 93' lang='lat' dir='ltr'><strong>in</strong></span> <span class='ocrx_word' id='word_1_282' title='bbox 1516 2461 1678 2501; x_wconf 84' lang='lat' dir='ltr'><strong>libellum</strong></span> <span class='ocrx_word' id='word_1_283' title='bbox 1701 2463 1838 2500; x_wconf 89' lang='lat' dir='ltr'><strong>Cornu-</strong></span> 
     </span>
    </p>
   </div>
   <div class='ocr_carea' id='block_1_11' title="bbox 348 2519 1839 2848">
    <p class='ocr_par' dir='ltr' id='par_1_16' title="bbox 348 2519 1839 2848">
     <span class='ocr_line' id='line_1_49' title="bbox 349 2519 1837 2565; baseline 0.001 -9"><span class='ocrx_word' id='word_1_284' title='bbox 349 2520 487 2556; x_wconf 88' lang='lat' dir='ltr'><strong>tianum</strong></span> <span class='ocrx_word' id='word_1_285' title='bbox 510 2520 646 2556; x_wconf 85' lang='lat' dir='ltr'><strong>inserta</strong></span> <span class='ocrx_word' id='word_1_286' title='bbox 669 2522 764 2565; x_wconf 90' lang='lat' dir='ltr'><strong>sunt,</strong></span> <span class='ocrx_word' id='word_1_287' title='bbox 787 2519 912 2565; x_wconf 90' lang='lat' dir='ltr'><strong>potius</strong></span> <span class='ocrx_word' id='word_1_288' title='bbox 936 2519 1081 2565; x_wconf 87' lang='lat' dir='ltr'><strong>utrique</strong></span> <span class='ocrx_word' id='word_1_289' title='bbox 1102 2520 1305 2556; x_wconf 83' lang='lat' dir='ltr'><strong>vetustiora</strong></span> <span class='ocrx_word' id='word_1_290' title='bbox 1325 2519 1463 2556; x_wconf 82' lang='lat' dir='ltr'><strong>scholia</strong></span> <span class='ocrx_word' id='word_1_291' title='bbox 1483 2519 1636 2556; x_wconf 86' lang='lat' dir='ltr'><strong>subesse</strong></span> <span class='ocrx_word' id='word_1_292' title='bbox 1659 2520 1837 2557; x_wconf 87' lang='lat' dir='ltr'><strong>videntur.</strong></span> 
     </span>
     <span class='ocr_line' id='line_1_50' title="bbox 349 2575 1839 2622; baseline 0 -9"><span class='ocrx_word' id='word_1_293' title='bbox 349 2577 444 2613; x_wconf 87' lang='lat' dir='ltr'><strong>Rem</strong></span> <span class='ocrx_word' id='word_1_294' title='bbox 474 2576 526 2613; x_wconf 85' lang='lat' dir='ltr'><strong>ita</strong></span> <span class='ocrx_word' id='word_1_295' title='bbox 548 2586 589 2613; x_wconf 87' lang='lat' dir='ltr'><strong>se</strong></span> <span class='ocrx_word' id='word_1_296' title='bbox 611 2575 746 2613; x_wconf 86' lang='lat' dir='ltr'><strong>habere</strong></span> <span class='ocrx_word' id='word_1_297' title='bbox 768 2579 963 2622; x_wconf 83' lang='lat' dir='ltr'><strong>postquam</strong></span> <span class='ocrx_word' id='word_1_298' title='bbox 986 2576 1066 2622; x_wconf 88' lang='lat' dir='ltr'><strong>ipse</strong></span> <span class='ocrx_word' id='word_1_299' title='bbox 1090 2576 1296 2622; x_wconf 86' lang='lat' dir='ltr'><strong>suspicatus</strong></span> <span class='ocrx_word' id='word_1_300' title='bbox 1319 2587 1409 2621; x_wconf 89' lang='lat' dir='ltr'><strong>sum,</strong></span> <span class='ocrx_word' id='word_1_301' title='bbox 1439 2576 1675 2612; x_wconf 78' lang='lat' dir='ltr'><strong>Hermannus</strong></span> <span class='ocrx_word' id='word_1_302' title='bbox 1690 2576 1839 2613; x_wconf 80' lang='lat' dir='ltr'><strong>Schultz</strong></span> 
     </span>
     <span class='ocr_line' id='line_1_51' title="bbox 348 2630 1838 2678; baseline 0.001 -10"><span class='ocrx_word' id='word_1_303' title='bbox 348 2633 418 2668; x_wconf 86' lang='lat' dir='ltr'><strong>hac</strong></span> <span class='ocrx_word' id='word_1_304' title='bbox 441 2633 489 2668; x_wconf 88' lang='lat' dir='ltr'><strong>de</strong></span> <span class='ocrx_word' id='word_1_305' title='bbox 512 2642 552 2668; x_wconf 89' lang='lat' dir='ltr'><strong>re</strong></span> <span class='ocrx_word' id='word_1_306' title='bbox 575 2632 728 2669; x_wconf 92' lang='lat' dir='ltr'><strong>comiter</strong></span> <span class='ocrx_word' id='word_1_307' title='bbox 742 2642 808 2678; x_wconf 89' lang='lat' dir='ltr'><strong>per</strong></span> <span class='ocrx_word' id='word_1_308' title='bbox 822 2632 962 2669; x_wconf 76' lang='lat' dir='ltr'><strong>litteras</strong></span> <span class='ocrx_word' id='word_1_309' title='bbox 977 2641 1121 2669; x_wconf 86' lang='lat' dir='ltr'><strong>mecum</strong></span> <span class='ocrx_word' id='word_1_310' title='bbox 1136 2631 1426 2669; x_wconf 74' lang='lat' dir='ltr'><strong>communicavit.</strong></span> <span class='ocrx_word' id='word_1_311' title='bbox 1459 2630 1502 2668; x_wconf 92' lang='lat' dir='ltr'><strong>In</strong></span> <span class='ocrx_word' id='word_1_312' title='bbox 1516 2631 1642 2678; x_wconf 84' lang='lat' dir='ltr'><strong>primis</strong></span> <span class='ocrx_word' id='word_1_313' title='bbox 1658 2631 1785 2670; x_wconf 89' lang='lat' dir='ltr'><strong>docuit</strong></span> <span class='ocrx_word' id='word_1_314' title='bbox 1798 2632 1838 2669; x_wconf 86' lang='lat' dir='ltr'><strong>id</strong></span> 
     </span>
     <span class='ocr_line' id='line_1_52' title="bbox 349 2688 1836 2735; baseline 0 -9"><span class='ocrx_word' id='word_1_315' title='bbox 349 2689 479 2726; x_wconf 89' lang='lat' dir='ltr'><strong>summi</strong></span> <span class='ocrx_word' id='word_1_316' title='bbox 511 2699 592 2726; x_wconf 90' lang='lat' dir='ltr'><strong>esse</strong></span> <span class='ocrx_word' id='word_1_317' title='bbox 613 2689 809 2734; x_wconf 86' lang='lat' dir='ltr'><strong>momenti,</strong></span> <span class='ocrx_word' id='word_1_318' title='bbox 843 2689 944 2734; x_wconf 91' lang='lat' dir='ltr'><strong>quod</strong></span> <span class='ocrx_word' id='word_1_319' title='bbox 976 2689 1118 2725; x_wconf 84' lang='lat' dir='ltr'><strong>Tartari</strong></span> <span class='ocrx_word' id='word_1_320' title='bbox 1150 2689 1358 2735; x_wconf 75' lang='lat' dir='ltr'><strong>explanatio</strong></span> <span class='ocrx_word' id='word_1_321' title='bbox 1387 2688 1538 2724; x_wconf 87' lang='lat' dir='ltr'><strong>Cornuti</strong></span> <span class='ocrx_word' id='word_1_322' title='bbox 1564 2699 1601 2734; x_wconf 91' lang='lat' dir='ltr'><strong>p.</strong></span> <span class='ocrx_word' id='word_1_323' title='bbox 1623 2691 1677 2734; x_wconf 84' lang='lat'><strong>28,</strong></span> <span class='ocrx_word' id='word_1_324' title='bbox 1693 2692 1733 2724; x_wconf 83' lang='lat'>17</span> <span class='ocrx_word' id='word_1_325' title='bbox 1763 2700 1836 2726; x_wconf 90' lang='lat' dir='ltr'><strong>non</strong></span> 
     </span>
     <span class='ocr_line' id='line_1_53' title="bbox 350 2743 1835 2791; baseline 0.001 -11"><span class='ocrx_word' id='word_1_326' title='bbox 350 2745 534 2781; x_wconf 87' lang='lat' dir='ltr'><strong>dissimilis</strong></span> <span class='ocrx_word' id='word_1_327' title='bbox 558 2755 580 2780; x_wconf 92' lang='lat' dir='ltr'><strong>a</strong></span> <span class='ocrx_word' id='word_1_328' title='bbox 603 2745 803 2781; x_wconf 77' lang='lat' dir='ltr'><strong>schellasta</strong></span> <span class='ocrx_word' id='word_1_329' title='bbox 832 2745 880 2780; x_wconf 89' lang='lat' dir='ltr'><strong>ad</strong></span> <span class='ocrx_word' id='word_1_330' title='bbox 903 2756 937 2780; x_wconf 90' lang='lat' dir='ltr'><strong>v.</strong></span> <span class='ocrx_word' id='word_1_331' title='bbox 957 2748 1020 2780; x_wconf 86' lang='grc'><strong>119</strong></span> <span class='ocrx_word' id='word_1_332' title='bbox 1046 2744 1268 2791; x_wconf 86' lang='lat' dir='ltr'><strong>exhibeatur,</strong></span> <span class='ocrx_word' id='word_1_333' title='bbox 1299 2744 1482 2781; x_wconf 83' lang='lat' dir='ltr'><strong>Diaconus</strong></span> <span class='ocrx_word' id='word_1_334' title='bbox 1505 2747 1626 2781; x_wconf 85' lang='lat' dir='ltr'><strong>autem</strong></span> <span class='ocrx_word' id='word_1_335' title='bbox 1649 2743 1835 2781; x_wconf 80' lang='lat' dir='ltr'><strong>Tartarum</strong></span> 
     </span>
     <span class='ocr_line' id='line_1_54' title="bbox 349 2799 1644 2848; baseline -0.001 -11"><span class='ocrx_word' id='word_1_336' title='bbox 349 2811 423 2838; x_wconf 92' lang='lat' dir='ltr'><strong>non</strong></span> <span class='ocrx_word' id='word_1_337' title='bbox 445 2800 704 2847; x_wconf 87' lang='lat' dir='ltr'><strong>interpretatus</strong></span> <span class='ocrx_word' id='word_1_338' title='bbox 727 2800 775 2837; x_wconf 88' lang='lat' dir='ltr'><strong>sit</strong></span> <span class='ocrx_word' id='word_1_339' title='bbox 798 2800 1008 2847; x_wconf 85' lang='lat' dir='ltr'><strong>(verisimile</strong></span> <span class='ocrx_word' id='word_1_340' title='bbox 1032 2811 1113 2838; x_wconf 88' lang='lat' dir='ltr'><strong>esse</strong></span> <span class='ocrx_word' id='word_1_341' title='bbox 1139 2811 1222 2838; x_wconf 88' lang='lat' dir='ltr'><strong>eum</strong></span> <span class='ocrx_word' id='word_1_342' title='bbox 1244 2812 1279 2838; x_wconf 86' lang='lat' dir='ltr'><strong>v.</strong></span> <span class='ocrx_word' id='word_1_343' title='bbox 1298 2803 1362 2838; x_wconf 91' lang='lat'><strong>119</strong></span> <span class='ocrx_word' id='word_1_344' title='bbox 1385 2811 1458 2837; x_wconf 93' lang='lat' dir='ltr'><strong>non</strong></span> <span class='ocrx_word' id='word_1_345' title='bbox 1481 2799 1644 2848; x_wconf 76' lang='lat' dir='ltr'><strong>legisse).</strong></span> 
     </span>
    </p>
   </div>
  </div>
 </body>
</html>
