2096 3129
1683 143 1736 181 47

253 261 320 297 est.
383 259 563 308 Apparet
601 261 728 297 autem
767 259 874 298 vocis
914 253 1036 310 ῥύσις
1075 258 1270 296 notionem
1309 258 1510 307 paululum
1549 258 1737 295 variatam

254 337 356 374 esse3
396 338 485 365 nam
523 339 559 376 p.
587 327 612 366 3
647 326 720 366 hac
756 338 850 367 voce
880 325 1000 365 umidi
1027 325 1255 376 principalis
1285 325 1422 365 fluctus
1452 324 1737 375 designabatur,

252 393 327 432 hoo
348 396 475 432 autem
496 395 584 432 loco
605 394 655 432 ad
671 395 813 432 imbres
827 392 1003 432 refertur.
1047 394 1271 432 Extremum
1286 395 1413 431 autem
1429 393 1697 443 disputationis
1709 394 1738 442 1)

253 460 490 511 Apollodori
528 461 762 509 doctrinam,
810 461 885 500 etsi
922 460 1085 500 fortasse
1118 460 1237 499 valde
1270 463 1522 509 attenuatam,
1569 460 1736 499 redolet:

254 528 431 567 conferas
451 539 594 577 quaeso
616 529 735 568 Clem.
755 529 872 567 Alex.
893 528 1016 566 Protr.
1036 540 1073 578 p.
1091 528 1143 566 35
1165 528 1207 567 P.
1228 528 1279 577 (p.
1297 528 1350 565 30
1366 527 1453 577 St.):
1484 558 1493 566 .
1517 559 1525 566 .
1549 559 1558 567 .
1580 520 1737 580 ουδέγε

254 595 350 635 τῶν
389 590 473 647 τὴν
514 594 730 648 Φοινίκην
767 591 935 648 Σύρων
975 590 1327 644 κατοικούντων,
1363 593 1428 634 ὠν
1468 591 1511 634 οἱ
1544 592 1625 647 μὲν
1659 592 1738 638 τὰς

255 658 532 715 περιστεράς,
572 659 616 702 οἱ
658 659 703 702 δὲ
743 657 850 710 τοὺς
889 659 1018 714 ἰχθῦς
1057 654 1181 702 οὕτω
1219 660 1396 711 σέβουσι
1432 661 1650 713 περιττῶς
1679 653 1739 709 ὡς

254 727 411 769 Ἠλεῖοι
431 721 514 769 τὸν
534 727 624 769 Δία.
669 728 820 767 Idcirco
840 729 973 767 nullus
994 728 1138 777 dubito,
1168 729 1262 778 quin
1281 731 1365 767 tota
1385 727 1483 767 haec
1504 729 1738 768 Cornutiana

256 796 465 846 disputatio
496 808 544 835 ex
573 796 811 846 Apollodori
840 808 957 846 opere
986 796 1166 846 pendeat.

369 875 470 913 Hinc
509 876 541 913 si
580 874 839 924 procedimus,
877 875 1112 924 Apollodori
1148 878 1255 914 certa
1284 876 1448 925 vestigia
1483 875 1594 914 nobis
1624 876 1739 914 obvia

254 946 342 981 sunt
370 944 410 980 in
438 943 502 990 iis,
531 954 631 991 quae
661 943 851 981 Cornutus
882 942 931 980 de
959 943 1054 981 Iove
1084 943 1275 992 explieat:
1311 955 1401 981 nam
1431 954 1517 981 cum
1544 944 1608 991 iis,
1638 955 1738 992 quae

255 1009 303 1047 de
339 1010 421 1047 eius
457 1010 591 1047 statuis
622 1009 860 1047 disseruntur
887 1021 924 1059 p.
945 1009 1006 1057 10,
1024 1010 1172 1057 7-20,
1212 1010 1253 1047 in
1281 1010 1502 1048 universum
1532 1011 1740 1049 concinunt

254 1077 524 1127 Porphyriana
559 1077 662 1127 apud
699 1077 837 1116 Euseb.
867 1078 910 1116 P.
930 1078 973 1116 E.
1002 1079 1060 1116 ΙΙΙ
1081 1079 1117 1125 9,
1135 1079 1170 1116 5.
1228 1079 1358 1126 Atque
1389 1079 1521 1125 etiam,
1561 1090 1659 1127 quae
1689 1079 1738 1117 de

254 1145 381 1183 Furiis
415 1144 576 1194 profert,
616 1144 751 1183 eodem
782 1155 803 1182 e
832 1144 939 1183 fonte
968 1144 1151 1183 videntur
1179 1144 1318 1183 hausta
1346 1156 1446 1184 esse:
1484 1144 1555 1184 has
1585 1157 1737 1195 quoque

256 1212 350 1251 deas
370 1213 656 1261 Apollodorum
687 1213 728 1250 in
757 1224 874 1262 opere
904 1225 972 1251 suo
992 1213 1206 1261 respexisse
1227 1216 1388 1260 constat,
1418 1214 1609 1262 quoniam,
1639 1226 1737 1262 quae

255 1279 444 1318 Cornutus
473 1290 511 1328 p.
533 1279 596 1326 75,
613 1278 639 1316 4
669 1281 707 1316 et
725 1278 949 1317 Eustathius
977 1291 1015 1329 p.
1035 1279 1100 1327 87,
1118 1278 1170 1317 25
1201 1278 1250 1318 de
1279 1279 1451 1318 narcisso
1477 1291 1607 1318 earum
1627 1291 1738 1319 sacro

256 1348 507 1396 congruentia
535 1347 753 1395 proferunt,
782 1347 844 1384 illi
871 1347 1076 1386 tribuenda
1105 1359 1191 1385 esse
1220 1348 1375 1385 Mfinzel
1403 1349 1431 1388 l.
1451 1348 1478 1388 l.
1509 1360 1546 1397 p.
1567 1348 1621 1385 34
1649 1360 1735 1397 pro-

255 1414 362 1452 bavit
400 1416 438 1453 et
475 1414 632 1464 insuper
670 1414 740 1452 ille
779 1414 1002 1452 nominatim
1046 1415 1186 1453 citatur
1224 1414 1265 1452 in
1299 1414 1448 1454 scholio
1484 1414 1599 1465 Soph.
1627 1414 1670 1456 O.
1697 1415 1737 1454 C.

255 1494 290 1520 v.
316 1482 410 1529 489,
454 1493 530 1530 quo
574 1481 634 1520 his
679 1481 826 1520 deabus
871 1482 1045 1520 colendis
1089 1481 1325 1521 sacrificulos
1363 1483 1516 1531 generis
1552 1479 1737 1536 Ἡσύχου

255 1549 373 1587 fuisse
404 1550 620 1598 exponitur.
630 1550 660 1598 3)
708 1550 843 1598 Itaque
874 1550 965 1588 satis
996 1552 1054 1588 est
1083 1562 1166 1588 cum
1189 1550 1356 1589 Cornuto
1386 1562 1610 1600 comparare
1639 1551 1737 1589 haec

254 1616 525 1655 Eustathiana:
555 1628 593 1666 p.
616 1617 707 1663 763,
730 1617 782 1654 26
804 1616 870 1665 (ad
889 1617 907 1654 I
922 1617 1021 1666 454)
1043 1615 1250 1669 στυγεραὶ
1271 1615 1318 1657 δὲ
1337 1609 1528 1671 Ὲῤῥινῦς
1549 1614 1593 1657 αἱ
1613 1631 1736 1671 φρικ-

254 1681 326 1722 ταὶ
362 1681 436 1722 καὶ
471 1682 531 1730 αἱς
566 1680 707 1723 εἰπεῖν
742 1682 921 1736 κρυεραὶ
957 1682 1031 1722 καὶ
1067 1679 1292 1736 ῥιγεδαναὶ
1325 1679 1447 1736 παρὰ
1475 1680 1555 1738 τὴν
1584 1680 1736 1737 Στύγα

255 1744 335 1805 τὴν
374 1746 423 1790 ἐν
452 1741 600 1791 Ἅιδου
637 1747 800 1804 πηγὴν,
839 1746 902 1798 ὥς
939 1750 1171 1804 πολλαχοῦ
1211 1749 1414 1802 φαίνεται
1454 1784 1461 1791 .
1492 1783 1500 1790 .
1531 1784 1539 1792 .
1581 1743 1649 1792 ὅτι
1690 1750 1737 1793 δὲ

255 1815 478 1868 πτερωταὶ
518 1812 793 1856 πλάττονται
832 1814 905 1857 διὰ
943 1813 997 1856 τὸ
1035 1810 1133 1857 κατ’
1162 1815 1430 1871 α’λληγορίαν
1467 1814 1587 1858 πάνυ
1628 1815 1738 1870 ταχὺ

255 1883 331 1936 τῆς
370 1879 540 1924 θεόθεν
580 1883 701 1938 δίκης
742 1882 817 1924 καὶ
859 1880 1061 1936 ἄφυκτον
1098 1916 1107 1924 .
1137 1917 1144 1925 .
1176 1917 1184 1925 .
1215 1884 1288 1925 καὶ
1329 1877 1397 1925 ὅτι
1435 1878 1558 1938 παρὰ
1584 1881 1637 1926 τὸ
1668 1883 1738 1939 ὲρῖ

256 1947 543 1992 ἐπιτακτικὸν
564 1950 638 1991 καὶ
658 1947 710 1992 τὸ
734 1948 889 1992 ἀνύειν
909 1949 1064 2001 αὐταῖς
1084 1948 1135 1993 τὸ
1152 1946 1291 2006 ὄνομα
1313 1953 1378 2002 (cf.
1393 1954 1453 1994 Et.
1468 1954 1517 1992 M.
1533 1966 1569 2004 p.
1586 1955 1680 2004 374,
1696 1955 1737 2004 2)

259 2050 267 2057 .
290 2050 298 2058 .
323 2050 332 2059 .
354 2017 428 2058 καὶ
459 2012 559 2059 ὅσαι
588 2012 716 2059 ἄλλαι
743 2016 923 2060 τούτων
952 2017 1248 2073 ἐτυμολογίαι,
1279 2019 1437 2075 ζητέον
1466 2019 1514 2061 ἐν
1533 2028 1627 2071 τοῖς
1654 2035 1738 2062 πα-

258 2085 398 2134 λαιοῖς
428 2117 437 2126 .
461 2118 469 2126 .
493 2118 502 2127 .
534 2083 579 2126 αἱ
610 2080 648 2127 δ’
678 2083 808 2126 αὐταὶ
844 2085 916 2126 καὶ
954 2085 1106 2140 σεμναὶ
1141 2086 1214 2127 καὶ
1256 2086 1393 2128 δειναὶ
1423 2087 1497 2129 καὶ
1528 2087 1739 2138 όεινῶπες

256 2151 331 2193 καὶ
361 2149 561 2206 ἔμφοβοι,
592 2149 681 2195 ἔστι
712 2152 757 2194 δὲ
777 2153 851 2194 καὶ
871 2154 1072 2208 ποίνιμοι
1092 2152 1165 2196 διὰ
1185 2151 1237 2196 τὸ
1258 2155 1356 2196 κατ’
1374 2150 1509 2204 αὐτὰς
1529 2153 1737 2210 φοβερόν.

258 2217 295 2259 εἰ
331 2217 377 2260 δὲ
406 2219 479 2260 καὶ
515 2218 746 2274 Εὕμενὶδες
770 2213 975 2270 Ἀττικῶς
1004 2218 1117 2262 κατὰ
1146 2219 1216 2275 τὸ,
1255 2215 1279 2262 ὅ
1309 2217 1348 2277 γ’
1377 2219 1490 2264 ἔνθά
1520 2218 1558 2263 δ’
1587 2217 1654 2265 ὢν
1683 2222 1738 2265 εἴ·

258 2302 318 2340 πῃ
357 2284 484 2339 λεώς,
522 2283 664 2342 ἤγουν
702 2285 761 2337 ὡς
798 2283 852 2330 ἂν
877 2283 1062 2330 Ἀττικοὶ
1098 2289 1276 2339 εἴποιεν,
1315 2286 1429 2332 ἀλλὰ
1456 2292 1592 2333 τοῦτο
1623 2287 1739 2333 ἀντί-

371 2456 398 2498 1)
424 2455 523 2497 Quae
547 2466 581 2499 p.
599 2459 631 2500 6,
651 2458 787 2490 13—14
811 2456 991 2501 leguntur,
1023 2460 1192 2501 corrupta
1223 2457 1393 2492 videntur
1424 2468 1503 2493 esse
1534 2458 1597 2502 (ef.
1622 2458 1738 2503 infra).

369 2524 400 2565 ²)
424 2522 643 2558 Hefermehl.
667 2534 703 2568 p.
720 2526 763 2558 30
795 2523 903 2559 etiam
931 2524 1070 2559 scholia
1099 2522 1170 2569 Ap.
1187 2524 1255 2560 Rh.
1274 2525 1291 2559 I
1315 2536 1374 2560 vv.
1397 2529 1491 2561 1116.
1520 2529 1615 2561 1123.
1644 2530 1737 2561 1126.

259 2578 345 2612 1129
368 2578 597 2623 Apollodoro
622 2579 757 2615 tribuit.

368 2646 396 2691 ³)
428 2646 595 2683 Fortasse
633 2647 740 2683 etiam
770 2648 955 2683 Furiarum
986 2648 1200 2694 genealogia
1229 2649 1342 2685 schol.
1374 2650 1486 2696 Soph.
1518 2651 1557 2686 Ο.
1580 2651 1619 2687 C.
1644 2662 1678 2686 v.
1695 2654 1737 2686 42

257 2696 473 2744 Apollodori
509 2714 529 2739 e
565 2703 728 2739 doctrina
761 2704 915 2749 pendet:
954 2703 999 2740 cf.
1029 2704 1164 2741 similes
1199 2705 1387 2751 catalogos
1421 2717 1478 2751 ap.
1514 2706 1739 2752 Milnzelium,

258 2755 494 2797 Quaestiones
518 2760 802 2806 mythographae
826 2761 960 2805 (Berol.
982 2762 1092 2807 1883),
1116 2772 1152 2807 p.
1171 2765 1222 2798 10.
