2096 3129
386 172 413 209 4

386 286 618 336 conscripto.
689 286 890 325 Servatam
940 296 1024 324 esse
1076 286 1227 324 censuit
1277 287 1393 335 quasi
1438 287 1615 326 umbram
1664 286 1873 335 quomdam,

386 364 626 401 quamnquam
653 364 725 392 nec
752 354 880 402 ipsam
908 354 1102 401 inteyram
1132 354 1257 401 operis
1280 352 1442 393 Cornuti
1459 354 1587 394 Persii
1597 353 1873 403 praecqotoris.

384 420 569 460 Similiter
590 423 705 471 atque
720 420 883 460 Jahnius
908 422 1042 459 nostra
1063 422 1191 460 aetate
1212 420 1483 461 iudicaverunt
1502 422 1693 462 Robertus
1717 421 1874 460 Mnnzel

384 490 423 526 et
471 488 616 527 Paulus
655 487 888 527 Wendland.
899 489 928 536 ¹)
995 486 1127 526 Jahnii
1180 489 1396 528 sententiae
1444 489 1614 539 Langius
1662 489 1703 527 in
1745 487 1874 526 libelli

383 554 562 595 editionis
581 555 823 606 praefatione
843 555 1049 595 oblocutus
1070 558 1139 595 est.
1189 556 1429 596 Contrariam
1448 558 1488 596 in
1507 559 1657 608 partem
1677 555 1873 607 digressus

382 635 463 662 non
492 624 756 674 epitomatoris
784 624 854 663 sed
883 624 1173 674 interpolatoris
1203 624 1370 674 vestigia
1398 625 1591 665 detexisse
1620 625 1693 665 sibi
1721 623 1873 663 videtur

383 694 422 730 et
457 692 588 730 multis
624 694 662 731 et
691 692 833 742 amplis
862 692 977 741 locis,
1016 703 1114 741 quos
1144 692 1346 731 offensioni
1375 703 1460 732 esse
1491 695 1639 741 censet,
1679 691 1872 731 damnatis

381 759 572 809 integram
601 759 730 798 libelli
758 759 931 809 formam,
961 771 1060 809 quae
1089 760 1239 799 auctori
1263 760 1341 810 ipsi
1361 759 1558 810 debeatur,
1588 760 1740 800 restitui
1758 770 1871 810 posse

381 826 574 876 opinatur.
632 826 706 874 Qui
741 827 847 867 obeli
875 839 966 867 usus
996 827 1167 868 virorum
1198 827 1416 877 doctorum,
1452 829 1517 878 qui
1546 827 1648 867 hanc
1676 839 1758 867 rem
1786 827 1871 866 teti-

379 897 527 944 gerunt,
548 896 747 945 plerisque
762 907 840 935 non
855 896 1055 946 placuit.²)
1099 895 1177 935 Sed
1193 907 1279 934 cum
1294 896 1335 934 in
1350 897 1577 945 quaestione
1593 909 1616 934 a
1630 897 1654 935 J
1657 895 1772 935 ahnio
1790 906 1873 934 sus-

378 963 495 1002 citata
514 962 619 1002 haud
638 964 752 1013 parvi
769 964 931 1013 intersit,
952 975 1051 1013 quae
1072 963 1229 1002 aliunde
1249 964 1290 1002 in
1309 963 1488 1002 libellum
1502 964 1650 1003 inserta
1664 963 1869 1002 videantur

378 1040 474 1080 esse,
497 1033 681 1079 quantum
696 1029 780 1070 fieri
793 1033 933 1081 potest,
954 1031 1069 1070 certis
1085 1031 1259 1069 terminis
1276 1031 1603 1079 circumscribere,
1619 1030 1722 1069 haud
1739 1041 1870 1080 super-

376 1110 590 1138 vacaneum
619 1101 713 1149 puto
743 1110 828 1138 esse
857 1099 996 1149 Langii
1024 1100 1065 1137 in
1094 1099 1322 1139 sententiam
1354 1098 1578 1149 diligentius
1607 1099 1813 1148 inquirere.

488 1201 787 1251 Interpolatoris
822 1200 1087 1241 additamenta
1122 1204 1424 1241 consentaneum
1455 1202 1513 1239 est
1541 1201 1750 1251 praecipue
1779 1199 1869 1239 inde

375 1269 581 1318 perspicua
610 1280 707 1316 esse,
737 1269 840 1318 quod
870 1280 995 1307 sermo
1025 1281 1183 1319 prorsus
1212 1270 1363 1307 alienus
1394 1270 1443 1307 sit
1473 1281 1497 1306 a
1527 1269 1723 1318 scriptoris
1750 1269 1870 1318 ipsius

376 1347 447 1375 usu
485 1335 658 1384 dicendi,
697 1347 811 1386 quem
850 1339 1029 1376 accurate
1070 1338 1278 1376 observare
1313 1348 1473 1376 necesse
1510 1339 1579 1376 est.
1637 1336 1737 1376 Nam
1767 1336 1799 1375 si
1828 1336 1869 1374 in

375 1403 687 1452 interpolationis
734 1404 1032 1452 investigatione
1080 1405 1164 1443 solo
1213 1415 1328 1442 sensu
1375 1405 1543 1452 nitimur,
1593 1405 1659 1452 qui
1707 1403 1871 1442 fortasse

378 1473 577 1522 scriptori,
612 1472 767 1521 qualem
796 1472 871 1522 ipsi
899 1476 1027 1511 mente
1057 1471 1251 1522 fingimus,
1288 1473 1411 1511 minus
1442 1473 1651 1511 convenire
1681 1470 1868 1519 videatur,

375 1540 488 1578 nimis
524 1541 629 1577 latus
665 1540 911 1578 coniectandi
944 1542 1051 1589 patet
1080 1551 1238 1589 campus
1267 1551 1393 1589 neque
1423 1541 1629 1590 quicquam
1658 1550 1729 1588 pro
1760 1541 1866 1577 certo

376 1608 415 1646 et
444 1608 649 1657 explorato
679 1608 920 1657 pronuntiari
949 1608 1052 1647 licet.
1108 1606 1232 1654 Quam
1261 1608 1450 1647 rationem
1479 1608 1650 1657 Langius
1680 1606 1867 1654 adhibuit,

377 1676 583 1713 maximam
613 1675 768 1723 quidem
799 1677 948 1724 partem
969 1674 1364 1713 Schmitt·Blankium
1393 1675 1486 1726 (Zur
1505 1673 1773 1713 Texteskritik
1800 1673 1868 1712 des

377 1743 580 1791 Cornutus,
609 1744 687 1782 Eos
707 1743 727 1781 I
755 1742 898 1794 (1864)
928 1755 964 1793 p.
988 1743 1204 1791 92—1023
1234 1755 1271 1794 p.
1293 1742 1543 1794 526—548)
1573 1744 1739 1782 secutus.
1790 1740 1867 1781 Sed

373 1810 574 1850 videamus
604 1811 772 1860 singula.

484 1926 521 1964 p.
544 1915 580 1963 3,
596 1915 622 1952 8
651 1912 725 1954 καὶ
754 1912 783 1968 ἠ
812 1911 944 1966 φύσις
964 1911 1092 1967 ἡμῶν
1111 1910 1366 1964 βασιλεύειν
1387 1909 1557 1967 ῥηθείη.
1607 1913 1716 1952 Haec
1736 1913 1868 1961 verba,

373 1994 475 2032 quae
514 1982 640 2022 editor
676 1995 756 2022 non
793 1983 938 2033 tetigit,
982 1983 1139 2022 Munzel
1176 1983 1251 2022 1.1.
1276 1995 1314 2033 p.
1336 1979 1389 2021 26
1430 1981 1589 2020 aliunde
1629 1981 1743 2020 illata
1783 1991 1867 2020 esse

373 2053 521 2100 censet,
551 2050 655 2099 quod
684 2062 763 2089 non
791 2051 974 2099 legantur
1002 2051 1042 2088 in
1072 2051 1198 2099 Etym.
1228 2051 1388 2100 Magno,
1423 2050 1488 2088 ubi
1517 2049 1580 2088 hic
1612 2049 1867 2089 Cornutianus

370 2119 481 2158 locus
517 2117 758 2160 exscribitur.
815 2117 892 2157 Sed
926 2117 1016 2157 huie
1046 2118 1372 2167 argumentationi
1401 2129 1480 2156 non
1509 2117 1668 2156 nimium
1698 2117 1864 2173 auctori-

370 2186 461 2224 tatis
491 2185 738 2223 tribuendum
767 2185 921 2224 videtur
950 2197 1044 2224 esse.
1092 2187 1136 2223 In
1159 2187 1286 2233 Etym.
1305 2187 1448 2234 Magno
1479 2179 1546 2230 ἄν,
1576 2184 1681 2235 quod
1702 2184 1863 2223 Cornuti

370 2254 411 2291 in
453 2253 556 2293 libro
601 2255 690 2303 post
732 2248 794 2301 ὥς
837 2255 978 2301 exstat,
1028 2265 1107 2292 non
1148 2254 1308 2303 legitur,
1359 2265 1435 2302 quo
1480 2253 1622 2291 omisso
1666 2251 1864 2302 optativus

370 2317 561 2374 (ῥηθείη)
599 2322 710 2371 sequi
748 2334 826 2360 non
863 2324 1000 2371 potest.
1059 2322 1232 2360 Facilius
1272 2324 1400 2360 autem
1435 2324 1529 2370 puto
1569 2319 1653 2359 fieri
1681 2320 1863 2369 potuisse,

370 2391 412 2427 ut
449 2388 550 2427 illud
586 2390 842 2437 enuntiatum,
882 2389 986 2439 quod
1020 2389 1124 2440 apud
1155 2390 1364 2429 Cornutum
1393 2389 1548 2438 legitur,
1585 2387 1864 2434 decurtaretur,

371 2468 486 2506 quam
524 2457 660 2505 verba,
700 2458 834 2506 qualia
870 2458 911 2495 in
946 2459 1071 2506 Etym.
1100 2457 1243 2507 Magno
1281 2458 1454 2505 exstant,
1494 2457 1543 2495 ab
1583 2455 1864 2504 interpolatore

369 2524 537 2574 quodam
568 2527 856 2575 supplerentur.

483 2636 512 2677 ¹)
542 2634 728 2670 Robertus
756 2634 898 2670 Miinzel
929 2635 951 2670 1.
976 2635 998 2670 l.
1032 2638 1070 2670 et
1093 2635 1182 2670 Mus.
1208 2634 1371 2670 Rhenan.
1404 2633 1446 2669 N.
1464 2632 1504 2668 F.
1522 2635 1564 2667 40
1603 2632 1723 2676 (1885)
1746 2642 1781 2676 p.
1799 2634 1864 2667 633

367 2691 447 2726 adn.
468 2692 497 2725 1.
545 2689 677 2726 Paulus
692 2690 910 2736 Wendland,
936 2689 1184 2726 Hellen-rum.
1209 2690 1341 2725 Kultur
1364 2699 1400 2734 p.
1420 2691 1462 2723 65
1487 2687 1569 2723 adn.
1586 2690 1617 2722 2.

481 2748 511 2792 ⁸)
542 2746 596 2783 Oi.
627 2747 671 2784 U.
703 2746 751 2782 de
780 2746 1320 2791 Wilamowitz-Moellendorff,
1353 2744 1612 2790 Coniectanea,
1647 2743 1720 2779 ind.
1751 2742 1865 2780 schol.

368 2803 469 2840 Gott.
493 2805 584 2839 aest.
604 2805 702 2848 1884,
725 2814 761 2848 p.
783 2806 833 2838 12.
