2096 3129
1622 176 1673 215 19

187 292 309 333 fusior
328 292 367 331 et
385 290 583 332 obscurior
602 293 681 331 est:
710 304 799 331 nam
819 292 879 341 iis,
900 303 999 342 quae
1018 303 1057 342 p.
1085 292 1150 340 71,
1169 291 1337 330 14-17
1359 291 1554 341 leguntur,
1581 290 1673 328 satis

187 361 285 399 mira
321 360 471 399 ratione
508 362 642 400 auctor
681 361 921 410 cognominis
959 350 1237 412 ὄρεσίφοιτος
1270 359 1347 398 vim
1381 359 1674 408 interpretatur,

187 426 296 466 addit
315 437 529 476 cognomen
548 424 777 481 κυνηγέτις
791 426 842 465 ad
861 425 966 465 illud
985 426 1096 475 quasi
1115 426 1356 465 extrinsecus
1376 424 1619 474 adsumptum
1635 426 1675 463 et

188 493 369 533 adfictum
406 505 508 542 esse,
546 494 596 532 ad
626 494 731 543 quod
759 495 970 542 nonnulla,
1008 505 1107 542 quae
1137 505 1224 532 cum
1253 505 1299 532 eo
1330 493 1538 532 convenire
1566 491 1673 530 vide-

188 564 311 610 antur,
340 560 631 612 subiunguntur,
660 562 700 600 in
728 560 789 600 his
819 573 876 609 ea,
907 572 1007 611 quae
1035 573 1074 612 p.
1096 562 1160 611 72,
1176 561 1201 599 2
1232 560 1488 611 explicantur,
1516 570 1674 610 prorsus

188 642 210 669 e
239 631 392 668 Dianae
420 630 552 668 lunari
579 633 718 668 natura
748 629 924 668 derivata
952 632 1051 667 sunt.
1098 629 1247 667 Eadem
1265 629 1364 667 ratio
1384 628 1674 677 insequentibus

188 697 329 746 subest,
359 708 460 747 quae
489 700 624 737 auctor
652 696 714 736 his
743 696 939 743 adnexuit,
974 709 1053 737 non
1081 709 1226 737 memor
1254 695 1419 736 eandem
1447 707 1529 735 rem
1558 707 1675 746 supra

188 765 304 803 aliter
331 775 374 803 se
403 766 638 814 exposuisse.
648 766 678 813 1)

299 844 338 882 p.
365 831 436 880 74,
459 832 511 871 23
551 830 625 872 καὶ
659 828 687 887 ἡ
720 823 968 885 Ἀχερουσία
1004 829 1148 885 λίμνη.
1206 832 1388 871 Fortasse
1421 834 1510 882 post
1544 828 1674 885 λίμνη

188 899 445 950 supplendum
486 903 544 938 est
581 895 764 940 ταῦτόνε
804 899 853 938 cf.
887 899 1124 950 Apollodori
1163 899 1209 938 fr.
1233 901 1284 938 10
1314 929 1323 938 .
1346 930 1355 938 .
1376 930 1385 938 .
1406 897 1590 952 Ἀχέρων
1627 896 1674 938 δὲ

187 965 261 1007 καὶ
283 959 532 1019 Ἀχερουσία
563 965 694 1021 λίμνη
722 961 901 1007 ταύτόν.
1466 980 1470 986 ·

299 1046 336 1084 p.
357 1034 548 1082 75,2-—3
588 1031 660 1075 διὰ
699 1033 839 1075 τοῦτο
878 1032 952 1075 καὶ
991 1032 1203 1088 δαίμονας
1247 1027 1413 1084 αὐτούς
1456 1028 1547 1075 ἀπὸ
1589 1033 1674 1075 τοῦ

187 1102 435 1143 κεκαῦσθαι
464 1095 739 1143 καλούντων.
788 1102 896 1142 Haec
925 1103 1047 1142 verba
1066 1102 1379 1143 Schmitt-Blank
1409 1102 1535 1142 deleri
1553 1103 1675 1150 iussit,

188 1170 292 1220 quod
328 1173 503 1221 pugnent
540 1182 627 1210 cum
664 1171 883 1221 veriloquio
921 1171 1086 1211 nominis
1115 1164 1302 1225 Ἀγαθός
1337 1168 1529 1224 Δαίμων,
1569 1169 1673 1221 quod

187 1250 224 1288 p.
252 1238 316 1286 51,
341 1239 391 1275 13
430 1239 635 1277 invenitur.
702 1238 779 1277 Sed
817 1238 907 1278 huic
945 1239 1039 1288 quid
1080 1250 1280 1278 commune
1319 1240 1369 1277 sit
1406 1250 1491 1277 cum
1529 1238 1675 1276 umbris

188 1308 440 1354 mortuorum,
479 1317 580 1355 quae
620 1303 825 1359 δαίμονες
860 1307 1120 1355 nominantur,
1159 1307 1312 1354 nesci03
1349 1318 1429 1345 non
1466 1306 1583 1356 igitur
1611 1304 1674 1344 hic

187 1374 298 1412 locus
337 1375 497 1423 propter
536 1374 858 1423 etymologiarum
893 1373 1192 1424 discrepantiam
1226 1375 1267 1412 in
1301 1373 1578 1413 dubitationem
1607 1385 1674 1412 vo-

188 1440 334 1481 candus
364 1444 432 1481 est.

299 1521 335 1559 p.
357 1509 422 1557 75,
441 1510 604 1548 12—14
634 1506 850 1550 ἐντεῦθεν
879 1507 1164 1563 ὐπονοητέον
1198 1508 1273 1550 καὶ
1302 1504 1409 1558 τούς
1438 1502 1674 1559 ἀλίβαντας

185 1576 523 1630 μεμυθεῦσθαι·
555 1573 604 1617 ἐν
622 1568 771 1618 Ἅιδου
802 1574 883 1618 εἰσὶ
913 1572 984 1618 διὰ
1011 1572 1094 1632 τὴν
1122 1576 1199 1633 τῆς
1229 1572 1408 1627 λιβάδος
1433 1569 1674 1631 ἆμεθεξίαν

187 1644 281 1684 τῶν
324 1644 512 1697 νεκρῶν.
586 1646 745 1685 Cornuti
793 1657 929 1685 manus
974 1645 1120 1684 indicia
1169 1649 1258 1684 sunt
1300 1642 1527 1694 ἐντεῦθεν,
1570 1645 1675 1695 quod

187 1712 328 1763 passim
368 1713 551 1762 occurrit,
587 1716 626 1753 et
659 1711 952 1769 ύπονοητέον,
991 1713 1040 1753 cf.
1068 1725 1106 1765 p.
1126 1714 1192 1762 32,
1210 1714 1244 1752 1.
1311 1713 1389 1753 Sed
1427 1713 1674 1753 scribendum

188 1781 340 1819 videtur
378 1793 464 1820 esse
509 1776 636 1829 εἶναι,
676 1781 780 1830 quod
818 1783 859 1820 in
896 1782 952 1819 M
984 1782 1165 1829 traditur,
1202 1794 1273 1831 pro
1312 1779 1410 1828 εἰσι;
1448 1794 1539 1820 nam
1577 1782 1675 1820 alias

186 1848 346 1888 verbum
384 1843 660 1902 μυθεύεσθαι
699 1861 785 1888 cum
824 1848 1013 1889 infinitivo
1050 1849 1231 1900 iungitur.
1300 1850 1508 1900 Inelegans
1546 1852 1674 1888 autem

185 1918 268 1954 tota
304 1917 546 1955 ratiocinatio
582 1917 736 1955 videtur
774 1928 875 1964 esse,
917 1920 1051 1967 utpote
1090 1929 1168 1967 qua
1205 1918 1312 1956 vocis
1347 1915 1581 1966 ἀλίβαντες
1613 1918 1674 1955 vis

187 1994 208 2021 e
247 1983 418 2023 siccitate
457 1983 552 2024 τῶν
581 1983 769 2036 νεκρῶν,
808 1985 874 2033 qui
902 1985 984 2023 illis
1013 1984 1129 2024 iidem
1161 1987 1266 2033 sunt,
1305 1984 1517 2032 derivetur3
1553 1997 1673 2034 quare

186 2050 395 2090 videndum
444 2054 520 2099 est,
573 2063 622 2090 ne
670 2051 764 2092 τῶν
815 2051 990 2105 νεκρῶν
1044 2052 1238 2092 subditiva
1291 2053 1377 2092 sint.
1454 2051 1673 2092 Scholiasta

186 2119 363 2158 Platonis
399 2116 466 2175 (ad
501 2131 581 2158 rem
610 2120 717 2169 publ.
736 2120 796 2158 III
824 2132 862 2170 p.
883 2121 963 2158 397
981 2132 1002 2159 c
1032 2132 1070 2170 p.
1090 2120 1172 2158 400
1201 2120 1343 2169 Bekk.)
1377 2120 1480 2159 hunc
1516 2120 1674 2160 Cornuti

186 2187 313 2225 locum
352 2187 557 2227 manifesto
593 2188 805 2238 respiciens
845 2180 1077 2239 ἀλίβαντες
1114 2189 1391 2240 interpretatur
1427 2179 1597 2237 τόπους
1625 2184 1675 2228 ἐν

177 2245 340 2305 Ἅιδου,
381 2268 473 2294 num
511 2258 634 2305 recte,
671 2256 788 2295 valde
826 2256 971 2296 dubito.
1035 2257 1168 2307 Pergit
1204 2259 1348 2296 autem:
1385 2249 1413 2312 ἢ
1451 2254 1526 2297 καὶ
1564 2253 1674 2304 τούς

187 2319 375 2376 νεκρούς
405 2322 605 2379 νοητέον,
635 2318 708 2364 διὰ
737 2319 820 2380 τὴν
847 2324 924 2380 τῆς
955 2320 1135 2375 λιβάδος
1154 2316 1406 2378 ἆμεθεξίαν.
1455 2325 1525 2364 His
1545 2324 1674 2363 verbis

186 2390 471 2441 praepedimur,
501 2392 703 2442 quominus
732 2393 1018 2443 recipiamus,2)
1047 2391 1154 2442 quod
1179 2392 1292 2432 codd.
1313 2393 1335 2431 b
1359 2392 1559 2443 praebent,
1590 2389 1675 2432 τὸν

186 2456 412 2508 ἅλίβαντα.
423 2460 455 2509 ³)

300 2568 328 2612 ²)
352 2568 446 2605 Hinc
469 2570 582 2606 oritur
597 2570 757 2616 suspicio
773 2573 959 2607 auctorem
974 2569 1113 2607 libelli·
1102 2581 1220 2616 lpsum
1238 2571 1415 2616 quaedam
1432 2573 1674 2634 commentum

187 2634 267 2661 esse
292 2627 330 2660 et
352 2624 399 2661 ad
421 2625 561 2663 fontem
585 2626 787 2663 addidisse.
812 2626 846 2662 ei
868 2626 1056 2663 tribuerim
1078 2637 1114 2672 p.
1131 2629 1349 2672 71,14—19.

295 2682 326 2726 2)
350 2682 487 2719 Eadem
512 2683 560 2720 de
583 2693 692 2720 causa
714 2683 882 2720 codicum
906 2677 940 2719 b'
955 2683 1009 2725 N2
1024 2683 1218 2720 lectionem
1234 2683 1396 2719 mutilam
1421 2694 1502 2720 esse
1519 2687 1672 2720 constat.

299 2739 328 2783 ³)
351 2737 496 2785 Ἀλίβας
523 2740 680 2776 testibus
703 2740 762 2775 Et.
784 2740 830 2776 Μ.
853 2751 881 2776 s.
904 2751 938 2776 v.
963 2737 1137 2782 κωκυτός
1166 2743 1203 2776 et
1226 2739 1412 2786 Hesychio
1435 2751 1463 2777 s.
1481 2752 1514 2777 v.
1540 2734 1674 2787 ἀλίβας

186 2794 318 2831 flumen
342 2796 440 2841 apud
463 2795 599 2833 inferos
623 2796 842 2834 credebatur
865 2807 958 2834 esse.

1427 2866 1467 2901 2*
