2096 3129
1620 213 1671 251 ⁷3

187 323 408 380 κόρυμβος
429 320 595 380 ὄμφακι
623 326 783 380 πυκνῷ
808 325 882 366 καὶ
901 323 1168 380 περκάζοντι
1187 322 1475 379 προσεοικώς,
1505 322 1673 378 ἐκμεμί-

185 407 317 448 μηται
338 388 421 450 τὴν
435 393 512 449 τῆς
528 391 729 446 ἀμπέλου
751 389 966 435 διάθεσιν.
1006 394 1143 443 Neque
1160 393 1429 444 cognominum
1445 393 1672 442 veriloquia,

188 473 288 511 quae
317 461 391 500 hac
411 462 452 500 in
472 461 740 511 disputationis
759 464 869 511 parte
889 464 1107 509 occurrunt,
1137 461 1216 500 alio
1237 472 1258 499 e
1279 460 1385 499 fonte
1405 460 1543 499 hausta
1563 462 1629 498 aut
1648 472 1673 498 a

186 529 354 569 Cornuto
383 529 468 579 ipso
487 529 647 567 inventa
666 531 765 567 sunt.
812 528 961 568 Similia
982 528 1084 567 enim
1104 528 1287 578 leguntur
1307 527 1409 578 apud
1429 526 1673 566 Eustathium

187 595 254 645 (ad
279 596 393 637 Dion,
412 596 562 645 Perieg.
582 608 617 635 v,
635 595 713 633 561
736 607 773 645 p.
791 596 883 643 216,
899 596 951 634 33
972 593 1147 647 Bernh.):
1179 590 1203 635 ὁ
1232 592 1279 635 δὲ
1301 590 1513 642 Διόνυσος
1540 591 1671 646 Εἶρα-

187 658 355 716 φιοότης
386 660 468 715 μὲν
498 662 695 702 καλεῖται
724 655 750 716 ἢ
780 657 900 714 παρὰ
928 656 980 702 τὸ
1010 656 1232 715 ἒῤῥάφθαι
1261 657 1309 701 ἒν
1338 660 1404 714 τῷ
1431 661 1558 715 μηρῷ
1587 660 1671 701 τοῦ

187 725 306 777 Διός,
347 722 373 782 ἢ
411 726 533 782 παρὰ
572 725 624 769 τὸ
664 724 755 782 ἔριν
793 727 981 780 φαίνειν.
996 730 1023 778 1)
1072 725 1219 783 πατὴρ
1253 722 1335 781 γὰρ
1372 723 1515 780 ἔριδος
1549 722 1671 775 οἶνος

189 793 306 850 ὑπὲρ
344 794 508 850 μέτρον
547 793 798 850 πινόμενος.
862 793 1094 850 ἐρίβρομος
1133 793 1181 836 δὲ
1219 793 1291 835 καὶ
1332 793 1608 849 ἐριβρεμέτης
1642 788 1668 848 ἢ

189 861 262 904 διὰ
297 861 377 913 τὰς
411 864 504 904 τῶν
532 860 800 917 μεθυόντων
829 860 1040 917 κραυγάς,
1079 860 1147 904 διὸ
1178 861 1252 903 καὶ
1282 859 1457 916 Βάκχος
1486 861 1547 910 ὠς
1579 860 1668 903 ἀπὸ

186 929 268 971 τοῦ
311 925 459 982 βάζειν
501 928 689 984 λέγεται,
732 928 1103 985 προσληφθέντος
1146 929 1229 970 τοῦ
1269 931 1298 969 οἱ
1338 928 1556 982 στοιχείου
1601 925 1672 970 διὰ

187 996 376 1039 πλείονα
395 993 644 1052 τραχύτητα
673 997 886 1051 φωνῆς,2)
921 991 948 1051 ἢ
981 993 1051 1038 διὰ
1080 993 1162 1039 τὸν
1191 994 1373 1051 βρόμον,
1405 989 1458 1038 ὃν
1489 994 1513 1039 ὁ
1546 998 1670 1050 γλευ·

187 1060 336 1116 κάζων
355 1059 478 1112 οἶνος
498 1070 621 1104 ποιεῖ
636 1059 1026 1117 πνευματούμενος
1046 1063 1120 1103 καὶ
1140 1062 1266 1117 ζέων.
1313 1066 1491 1114 Apparet
1509 1063 1569 1103 his
1584 1076 1668 1103 cum

184 1133 533 1182 interpretamentis
569 1132 839 1171 collectionem
874 1132 1161 1182 cognominum,
1198 1143 1297 1181 quae
1327 1132 1431 1182 apud
1461 1131 1669 1171 Cornutum

185 1211 223 1250 p.
249 1199 314 1247 59,
338 1200 362 1237 2
403 1202 544 1248 exstat,
582 1199 890 1249 coniungendam
930 1210 1031 1247 esse,
1070 1210 1155 1238 cum
1191 1199 1353 1238 eandem
1391 1199 1580 1238 rationem
1619 1199 1669 1237 ab

189 1265 391 1306 Eustathio
428 1269 542 1316 atque
578 1266 627 1305 ab
662 1268 733 1305 illo
768 1266 944 1305 adhiberi
979 1267 1104 1316 quivis
1133 1267 1256 1316 primo
1287 1267 1420 1306 obtutu
1449 1267 1671 1316 perspiciat.

186 1334 294 1372 Idem
330 1333 412 1372 fere
449 1336 625 1384 spectant
654 1333 865 1383 Athenaei,
903 1345 1063 1410 quorum
1098 1334 1293 1384 proximus
1327 1334 1413 1373 fons
1442 1333 1669 1383 Βοὶεηοῐιε3)

186 1401 341 1440 videtur
370 1413 464 1449 esse,
493 1401 591 1441 haec
619 1402 672 1452 (p.
694 1402 774 1440 363
786 1401 843 1450 b):
873 1398 951 1449 τὰς
981 1393 1020 1442 δ’
1041 1400 1222 1454 εὐωχίας
1250 1397 1440 1442 ἐκάλουν
1470 1414 1556 1442 ουκ
1577 1397 1669 1442 απὸ

185 1467 264 1520 τῆς
294 1466 408 1523 ὀχῆς,
437 1461 465 1521 ἥ
496 1464 585 1508 ἐστι
613 1463 770 1522 τροφή,
802 1459 900 1507 ἀλλ’
930 1460 1019 1508 ἀπὸ
1047 1467 1132 1508 τοῦ
1160 1463 1275 1508 κατὰ
1303 1468 1446 1508 ταῦτα
1476 1456 1525 1508 εὖ
1556 1463 1671 1520 ἔχειν

186 1534 250 1584 (cf.
280 1534 407 1585 Διαφ.
437 1533 528 1574 ἑκλ.
559 1547 596 1584 p.
617 1534 710 1582 448,
731 1535 812 1583 24).
869 1531 930 1582 εἰς
966 1527 1015 1582 ἃς
1045 1529 1098 1589 δὴ
1126 1531 1353 1582 συνιόντες
1384 1531 1426 1574 οι
1456 1530 1509 1574 τὸ
1539 1535 1670 1574 θεῖον

185 1600 399 1653 τιμῶντες
427 1600 500 1641 xlxi
530 1598 590 1649 εἰς
617 1597 898 1655 εὐφροσύνην
917 1599 989 1641 καὶ
1014 1594 1163 1642 άνεσιν
1184 1597 1349 1649 αὑτοὺς
1368 1599 1595 1654 μεθιέντες
1615 1598 1668 1642 τὸ

183 1667 265 1720 μὲν
286 1663 432 1708 ποτὸν
451 1666 580 1721 μέθυ,
601 1664 683 1708 τὸν
700 1666 747 1708 δὲ
762 1668 900 1708 τοῦτο
919 1663 1231 1722 δωρησάμενον
1247 1662 1361 1708 θεὸν
1374 1669 1670 1722 Μεθυμναῖον

186 1736 255 1784 (cf.
289 1737 392 1774 Plut.
426 1737 526 1786 1.1.)
571 1734 645 1775 καὶ
690 1736 861 1777 Λυαῖον
907 1734 980 1775 καὶ
1026 1730 1165 1776 Εὔιον
1208 1734 1282 1775 καὶ
1328 1732 1462 1789 Ἰήιον
1506 1745 1670 1789 προση·

186 1799 386 1855 γόρευον,
416 1796 565 1855 ὥσπερ
595 1800 670 1842 καὶ
699 1799 782 1842 τὸν
810 1797 868 1857 μὴ
889 1798 1167 1855 σκυθρωπὸν
1188 1801 1261 1842 καὶ
1281 1798 1479 1843 σύννουν
1499 1798 1668 1855 ἱλαρόν.

187 1867 255 1910 διὸ
286 1868 360 1909 καὶ
389 1867 443 1909 τὸ
476 1864 707 1922 δαιμόνιον
735 1865 867 1910 ἵλεων
896 1868 1049 1924 ἠξίουν
1068 1868 1271 1923 γίνεσθαι
1292 1868 1538 1920 ἐπιφῶντες
1559 1867 1603 1922 ἰή
1625 1867 1668 1923 ἰή

185 1936 251 1985 (cf.
280 1936 403 1977 schol.
432 1936 629 1987 Aristoph.
659 1937 767 1976 Aves
797 1949 832 1975 v,
853 1937 947 1986 874,
977 1936 1098 1976 schol.
1118 1937 1278 1986 Lysistr.
1310 1949 1345 1975 v,
1368 1937 1476 1986 388).
1525 1937 1669 1976 Bacchi

185 2005 367 2043 comitum
398 2005 696 2054 explicationes,
735 2016 833 2053 quae
862 2004 972 2042 illam
1002 2004 1066 2043 dei
1095 2005 1362 2052 cognominum
1393 2005 1669 2043 collectionem

189 2073 384 2121 sequntur,
414 2071 651 2122 Apollodori
680 2084 729 2110 ex
758 2083 875 2121 opere
905 2071 1124 2110 manavisse
1154 2083 1378 2122 persuasum
1408 2071 1550 2119 habeo;
1579 2085 1668 2111 nam

184 2143 455 2189 praeterquam
486 2139 590 2189 quod
618 2139 875 2188 veriloquium
903 2139 1066 2177 nominis
1095 2137 1279 2180 Σευΐδαι
1315 2151 1400 2177 cum
1430 2140 1668 2188 cognominis

187 2206 385 2245 Minervae
405 2202 646 2255 Λαοσσόος
673 2207 990 2256 interpretatione
1021 2207 1189 2245 concinit
1217 2206 1283 2257 (cf.
1312 2219 1348 2256 p.
1369 2208 1503 2256 37,18
1525 2200 1598 2247 διὰ
1616 2203 1668 2247 τὸ

187 2268 344 2314 σεύευν
384 2271 432 2314 έν
470 2280 565 2322 ταῖς
599 2269 755 2327 μάχαις
789 2268 895 2331 τούς
931 2269 1077 2322 Λαούς
1113 2296 1167 2301 -
1202 2286 1239 2324 p.
1261 2274 1366 2322 59‚9
1405 2270 1447 2313 οἱ
1482 2271 1668 2315 Σευΐὸαι

187 2331 276 2381 άπὸ
297 2340 380 2382 τοῦ
400 2338 559 2388 σεύειν,
580 2333 605 2380 ὅ
626 2338 748 2382 ἐστιν
768 2337 937 2394 ὁρμᾶν),
957 2345 1109 2392 praesto
1126 2344 1185 2380 est
1199 2342 1456 2381 testimonium
1471 2341 1669 2391 Hesychii,

299 2486 328 2530 ¹)
351 2485 564 2532 Negaverim
589 2485 817 2521 Eustathium
841 2495 862 2521 e
878 2485 1034 2522 Cornuto
1057 2489 1120 2522 aut
1142 2486 1237 2522 hunc
1261 2496 1306 2521 ex
1329 2486 1392 2521 illo
1416 2485 1666 2531 cortIgeudum

186 2550 276 2585 esse,
299 2551 381 2577 nam
403 2542 524 2587 potuit
546 2541 795 2587 Apollodorus
819 2541 1002 2587 complura
1024 2542 1153 2578 similia
1177 2541 1378 2588 veriloquis.
1399 2541 1575 2587 proferre.

296 2598 326 2641 ²)
358 2598 437 2633 Hac
466 2598 513 2634 de
552 2598 690 2634 ratione
727 2598 771 2633 cf.
803 2608 834 2634 e.
864 2609 918 2644 gr.
948 2598 1067 2635 Orion.
1091 2609 1120 2634 s.
1145 2610 1179 2634 v.
1202 2593 1390 2644 βράγχος·
1422 2594 1665 2641 ω’νοματοπε-

184 2651 337 2696 ποίηται
368 2649 390 2698 ἦ
422 2651 518 2696 λέξις
547 2647 629 2688 οἷον
660 2652 757 2688 κατὰ
788 2653 946 2698 μίμησιν
977 2657 1047 2699 τῆς
1076 2651 1272 2699 γινομένης
1303 2649 1406 2701 αὐτῷ
1438 2650 1667 2699 τραχύτητος

186 2703 227 2744 έν
251 2712 298 2755 τῇ
319 2713 438 2756 φωνῇ.
476 2710 589 2757 Cohn,
616 2711 672 2747 De
695 2711 780 2748 Her.
797 2711 901 2748 Pont.
924 2722 961 2757 p.
978 2714 1033 2747 86.
1056 2732 1101 2737 -
1124 2711 1178 2748 Of.
1196 2711 1301 2747 etiam
1317 2711 1477 2756 Hesych.
1500 2722 1529 2747 s.
1545 2722 1580 2747 v.
1601 2714 1667 2758 βα-

184 2761 349 2809 βάκτης·
382 2762 581 2812 ὀρχηστής.
613 2763 798 2815 ὑμνῳδός.
830 2764 1016 2811 μανώδης.
1041 2763 1269 2813 κραὺγασος,
1293 2761 1390 2802 ὅθεν
1414 2765 1477 2802 καὶ
1505 2763 1666 2813 Βάκχος.

297 2821 328 2869 ⁸)
350 2821 607 2873 Reitzenstein,
632 2823 762 2862 Gesch.
788 2823 931 2862 Griech.
954 2823 1114 2874 Etymol.
1137 2834 1174 2873 p.
1192 2826 1266 2860 171.
