2096 3129
413 181 468 231 32

413 305 536 353 Quem
576 308 734 357 propter
771 317 1003 346 consensum
1038 305 1254 346 Reinhardt
1287 305 1448 347 Cornuti
1480 317 1564 357 cap.
1582 305 1634 346 13
1668 318 1690 345 e
1724 303 1901 346 doctrina

411 372 675 413 Posidoniana
702 373 875 424 pendere
904 373 1115 413 contendit.
1163 374 1240 415 Sed
1269 375 1366 415 licet
1390 375 1593 425 complura
1611 373 1831 424 veriloquia
1850 385 1900 413 ex

411 442 470 490 iis,
502 452 602 491 quae
633 440 738 492 apud
766 453 854 480 eum
883 442 1078 491 leguntur,
1108 453 1194 481 cum
1224 442 1494 482 Posidonianis
1522 444 1738 493 congruant
1766 464 1822 471 —
1851 441 1900 481 de

413 520 556 557 eorum,
585 520 686 558 quae
714 508 809 548 alibi
837 521 915 548 non
945 511 1111 558 exstant,
1140 509 1290 559 origine
1318 521 1398 549 non
1416 512 1569 550 constat
1596 531 1663 558 —‚
1692 521 1779 549 eum
1804 520 1901 560 opus

412 575 611 616 Posidonii
638 576 815 617 manibus
844 576 998 616 trivisse
1026 583 1107 616 non
1135 576 1409 618 concluderim.

525 645 573 684 In
602 657 649 685 eo
678 646 816 695 capite,
846 657 922 694 quo
943 645 1135 686 Cornutus
1163 645 1213 685 de
1232 646 1351 685 Musis
1379 647 1471 696 agit,
1500 646 1714 686 doctrinam
1734 646 1901 696 Apollo-

414 711 570 752 doream
609 713 735 752 latere
771 713 850 752 iam
889 713 1094 764 probatum
1130 715 1205 763 est,
1243 715 1374 753 tamen
1402 725 1561 763 caveas,
1598 725 1649 753 ne
1678 714 1807 753 omnia
1834 713 1902 753 uni

413 780 616 830 eidemque
651 781 799 820 auctori
827 781 985 820 tribuas.
1042 782 1181 830 Neque
1211 782 1312 820 enim
1341 782 1434 830 scio,
1464 794 1515 820 an
1543 781 1593 820 ab
1623 793 1670 820 eo
1700 783 1900 829 commate,

413 859 489 897 quo
505 848 701 887 Musarum
716 848 873 887 nomina
888 847 1115 887 derivantur
1130 850 1170 888 et
1185 848 1442 899 explicantur,
1466 849 1576 888 illius
1590 860 1731 888 nomen
1746 849 1900 888 omnino

412 916 552 965 procul
580 914 803 954 habendum
832 916 891 954 sit.
939 916 1024 954 Hoc
1050 915 1165 954 modo
1184 918 1228 954 ut
1245 915 1421 964 iudicem,
1450 916 1576 955 minus
1597 927 1643 955 eo
1662 927 1901 966 permoveor,

413 982 518 1032 quod
546 982 621 1022 hae
651 983 951 1033 explicationes,
980 983 1131 1022 etiamsi
1159 983 1251 1023 laxo
1280 984 1438 1023 vinculo
1467 995 1554 1023 oum
1584 983 1901 1023 antecedentibus

414 1049 641 1099 cohaerent,
679 1053 810 1089 tamen
847 1062 1052 1101 perperam
1091 1051 1371 1090 sententiarum
1409 1051 1582 1091 ordinem
1619 1052 1901 1102 interrumpunt

413 1121 479 1157 aut
499 1119 695 1168 particula
716 1111 863 1167 ἄλλως
883 1131 942 1167 ea,
971 1130 1072 1168 quae
1091 1122 1315 1169 sequuntur,
1335 1120 1414 1158 alio
1435 1131 1456 1158 e
1476 1119 1583 1159 fonte
1604 1120 1797 1170 exscripta
1816 1131 1900 1158 esse

412 1185 579 1225 indicari
609 1185 774 1236 videtur,
804 1197 919 1236 quam
949 1198 1007 1235 eo,
1037 1185 1141 1236 quod
1172 1187 1311 1226 ceteris
1340 1187 1448 1236 locis,
1479 1198 1500 1226 e
1530 1187 1667 1237 quibus
1695 1187 1770 1226 viri
1798 1186 1901 1226 docti

412 1253 689 1303 Apollodorea
722 1257 1066 1304 recuperaverunt,
1101 1255 1196 1292 talia
1224 1255 1421 1293 nominum
1450 1255 1794 1304 interpretamenta
1823 1267 1901 1293 non

412 1321 596 1370 leguntur
633 1332 760 1371 neque
799 1321 1094 1371 epitomatorum
1132 1322 1252 1371 culpa
1291 1321 1483 1360 excidisse
1521 1321 1713 1361 videntur.
1777 1321 1901 1370 Chry-

413 1388 565 1438 sippum
608 1391 735 1427 autem
779 1389 877 1427 tales
917 1400 1041 1438 nugas
1084 1389 1313 1427 tractavisse
1350 1389 1427 1427 iam
1465 1389 1621 1427 Mfinzel
1660 1388 1725 1437 (de
1762 1389 1901 1439 Apoll.

412 1467 450 1505 p.
472 1456 525 1493 27
555 1455 643 1494 adn.
665 1456 707 1505 3)
736 1455 953 1502 adnotavit3
982 1468 1006 1494 a
1024 1455 1237 1495 Plutarcho
1266 1456 1369 1494 enim
1398 1456 1472 1494 illa
1500 1456 1541 1494 in
1570 1456 1831 1506 disputatione
1852 1455 1900 1494 de

412 1523 542 1571 Musis,
563 1535 665 1573 quae
685 1522 984 1570 Quaestionibus
1005 1523 1274 1562 convivalibus
1292 1523 1438 1562 inserta
1458 1526 1527 1571 est,
1556 1524 1794 1573 etymologia
1811 1535 1902 1574 pro-

413 1590 536 1629 fertur
564 1591 730 1629 nominis
750 1583 971 1644 Εὐτέρπη,
1000 1602 1100 1640 quae
1129 1591 1191 1628 illi
1209 1591 1358 1640 placuit
1376 1591 1448 1642 (IX
1472 1591 1523 1629 14
1542 1603 1581 1641 p.
1602 1591 1683 1630 743
1694 1589 1763 1642 D):
1792 1587 1900 1644 Ἐγώ

417 1656 465 1698 δὲ
492 1655 822 1710 μεταποιοῦμαὶ
850 1671 893 1698 τι
922 1655 997 1697 καὶ
1022 1657 1100 1712 τῆς
1120 1654 1377 1711 Εὐτέρπης·
1409 1655 1546 1711 εἴπερ,
1576 1649 1637 1706 ὥς
1657 1667 1765 1711 φησι
1787 1653 1901 1710 Χρύ-

414 1734 598 1774 σιππος,
646 1717 760 1779 αὐτὴ
804 1719 858 1764 τὸ
902 1722 1004 1778 περὶ
1048 1719 1126 1772 τὰς
1166 1719 1338 1777 ὁμιλίας
1377 1721 1609 1778 ἐπιτερπὲς
1646 1721 1788 1778 εἴληχε
1827 1722 1901 1764 καὶ

413 1790 732 1846 κεχαρισμένον
751 1793 821 1841 (=
841 1792 888 1831 fr.
908 1793 1014 1830 1099
1030 1793 1155 1841 Arn.)‚
1185 1792 1411 1842 quibuscum
1430 1794 1649 1842 congruunt
1668 1792 1902 1831 Oornutiana

412 1859 511 1899 haec
538 1860 590 1911 (p.
613 1860 677 1908 16,
693 1860 752 1909 2):
783 1855 989 1914 Εὐτέρπη
1012 1857 1060 1901 δὲ
1084 1853 1173 1900 ἀπὸ
1194 1858 1280 1900 τοῦ
1294 1854 1372 1908 τὰς
1388 1855 1545 1913 ὁμλίας
1562 1850 1716 1900 αὐτῶν
1733 1855 1901 1913 ἐπιτερ-

411 1934 509 1976 πεῖς
540 1925 614 1967 καὶ
646 1921 849 1981 ἀγωγούς
883 1921 1005 1967 εἶναι.
1061 1928 1195 1977 Atque
1229 1928 1343 1966 etiam
1379 1930 1531 1966 ceterae
1567 1927 1903 1977 interpretationes

413 1996 611 2035 Musarum
640 1995 837 2034 nominum
865 1996 956 2046 plus
975 1994 1103 2034 minus
1122 1994 1368 2035 Cornutianis
1387 1995 1534 2034 similes
1554 1997 1654 2034 sunt.
1701 1994 1778 2034 Sed
1799 1993 1902 2045 apud

413 2063 623 2102 Cornutum
653 2071 786 2101 omnes
806 2062 888 2101 fere
908 2062 1189 2112 explicationes
1209 2062 1261 2101 ad
1279 2073 1422 2111 eorum,
1451 2062 1518 2111 qui
1537 2062 1677 2100 eruditi
1695 2064 1795 2110 sunt,
1823 2062 1900 2100 vir—

412 2132 515 2170 tutes
553 2128 784 2178 referuntur‚
824 2132 960 2169 contra
998 2129 1102 2181 apud
1131 2128 1382 2170 Plutarchum
1417 2128 1518 2169 nihil
1551 2129 1757 2178 invenitur,
1796 2128 1901 2179 quod

413 2198 465 2238 ad
508 2198 818 2238 adulescentium
868 2197 1139 2238 educationem
1187 2200 1347 2249 spectet.
1418 2198 1557 2247 Neque
1599 2200 1728 2236 tamen
1772 2198 1901 2237 existi·

528 2309 558 2353 ¹)
589 2308 764 2345 Concedo
801 2307 958 2354 aliquam
991 2307 1253 2344 dubitationem
1283 2307 1446 2354 relinqui.
1499 2307 1588 2344 Cum
1619 2307 1676 2343 his
1706 2307 1757 2353 (p.
1776 2308 1901 2354 16,13)

414 2361 500 2406 ἑνὸς
525 2363 716 2410 στοιχείου
738 2361 1020 2409 πλεονάζοντος
1044 2361 1085 2400 ἐν
1099 2368 1154 2412 τῷ
1171 2360 1333 2408 ὀνόματι
1349 2364 1393 2400 cf.
1416 2364 1466 2410 (p.
1480 2367 1535 2409 43,
1547 2364 1584 2409 9)
1602 2358 1728 2399 εἴτουν
1742 2358 1902 2399 πλεονά-

414 2422 550 2466 ζοντος
572 2424 643 2457 τοῦ
668 2432 689 2456 τ
713 2419 923 2466 στοιχείουε
955 2424 1064 2466 caput
1086 2420 1189 2466 illud,
1213 2431 1285 2466 quo
1309 2420 1356 2456 de
1378 2419 1584 2456 numinibus
1606 2420 1750 2456 marinis
1772 2419 1901 2466 agitur,

414 2488 460 2514 ex
490 2477 720 2523 Apollodoro
752 2477 915 2523 pendere
946 2487 1056 2523 supra
1086 2477 1251 2523 probavi.
1296 2476 1371 2513 Sed
1402 2476 1495 2512 haec
1525 2475 1787 2522 interpretandi
1809 2476 1900 2512 ratio

412 2534 558 2570 videtur
586 2545 658 2570 non
681 2532 902 2580 Apollodori
924 2533 1082 2580 propria,
1112 2533 1179 2570 sed
1202 2533 1347 2570 omnino
1370 2533 1494 2570 Stoica
1516 2543 1609 2579 esse,
1641 2535 1679 2569 et
1701 2532 1901 2569 sententiae

412 2590 651 2627 conformatio
689 2593 846 2636 utroque
885 2590 967 2627 loco
999 2589 1159 2627 Cornuto
1198 2589 1270 2636 ipsi
1301 2589 1465 2635 debetur,
1497 2599 1569 2634 qua
1597 2599 1637 2625 re
1667 2589 1735 2626 hac
1766 2599 1787 2626 e
1817 2599 1902 2626 eon·

411 2646 578 2693 gruentia
607 2646 697 2683 nihil
728 2646 902 2693 sequitur.
949 2646 1084 2684 Verum
1115 2649 1235 2683 tamen
1258 2645 1476 2683 vocabulum
1508 2642 1721 2688 ἐπίσκοπος
1743 2656 1780 2692 p.
1799 2649 1850 2691 16,
1868 2649 1898 2691 8,

412 2703 514 2749 quod
537 2713 798 2748 saepenumero
822 2703 868 2739 iis
884 2703 975 2739 locis
990 2704 1152 2749 recurrit,
1176 2703 1240 2749 qui
1254 2703 1303 2739 ad
1318 2702 1582 2748 Apollodorum
1596 2702 1793 2739 revocandi
1807 2706 1902 2747 sunt,

412 2759 560 2797 videtur
574 2758 864 2806 Apollodoreum
880 2771 975 2797 esse.
1009 2759 1182 2797 Fortasse
1198 2763 1318 2797 autem
1333 2758 1514 2797 Cornutus
1529 2759 1568 2796 id
1584 2770 1630 2796 ex
1644 2759 1740 2796 illius
1756 2759 1903 2796 dicendi

413 2816 676 2855 consuetudine
699 2817 858 2864 arripuit.
