2096 3129
1640 215 1692 254 59

208 330 427 369 Heraclitus
472 330 711 381 Porphyrius
758 329 975 381 proferunt,
1024 343 1048 368 a
1093 329 1310 381 Chrysippo
1358 331 1579 380 excogitata
1629 329 1692 381 (cf.

209 398 373 447 Diogen.
411 397 457 436 fr.
486 399 539 436 33
570 398 679 447 Arn.)
730 397 834 448 apud
878 397 1120 437 Eustathium
1157 398 1300 448 legitur
1342 399 1418 436 illa
1459 399 1501 436 in
1544 399 1693 447 ecloga,

210 476 325 514 quam
360 466 515 504 Munzel
544 467 571 504 l.
590 467 619 503 1.
648 477 685 515 p.
707 466 760 504 32
790 465 1037 515 Apollodoro
1072 466 1205 505 tribuit
1240 465 1306 514 (cf.
1334 465 1478 516 supra).
1537 465 1693 504 Initium

209 535 337 572 autem
361 532 475 572 huius
501 534 663 582 eclogae
684 533 861 583 congruit
880 544 965 572 cum
986 533 1242 582 Cornutianis‚
1268 533 1405 583 quibus
1426 533 1473 572 de
1494 533 1692 572 Minervae

209 600 296 639 visu
324 601 490 640 terribili
520 604 559 640 et
586 601 713 640 beluis
742 601 824 640 eius
852 601 973 640 sacris
1002 600 1211 641 disseritur.

320 681 542 729 Insequitur
589 680 694 729 apud
738 680 947 720 Cornutum
996 682 1130 730 ampla
1176 681 1375 719 Minervae
1424 681 1692 730 cognominum

208 747 342 798 series,
381 748 489 788 cuius
527 748 568 786 in
608 748 794 798 originem
832 759 918 788 cum
956 748 1182 799 inquirimus
1220 747 1541 799 proficiscendum
1576 750 1636 788 est
1670 760 1694 787 a

208 817 357 856 scholio
387 818 483 856 Ven.
508 818 605 856 *BD
641 817 692 855 ad
727 818 761 855 Ε
786 817 868 855 422
899 834 952 851 =
982 818 1044 856 Et.
1069 818 1120 856 M.
1155 830 1193 867 p.
1220 818 1312 866 546,
1336 819 1399 866 15,
1438 818 1543 867 quod
1577 818 1692 856 Reiu-

207 883 322 925 hardt
349 897 388 936 p.
407 885 462 925 84
478 897 560 935 sqq.
590 885 641 924 ad
670 884 975 936 Apollodorum,
1015 886 1081 936 qui
1115 885 1332 925 Stoicorum
1368 885 1606 937 theologiam
1642 885 1693 925 ad

206 953 425 992 Aristarchi
459 953 691 1004 disciplinae
719 955 876 1003 regulas
906 955 1052 1003 exigat,
1086 956 1153 993 vel
1182 957 1340 1004 propter
1370 955 1528 994 Cornuti
1555 954 1692 993 simili-

207 1020 378 1060 tudinem
415 1021 675 1061 revocandum
717 1033 802 1061 esse
840 1023 923 1061 iure
963 1022 1172 1061 contendit.
1234 1023 1337 1061 Num
1373 1011 1477 1061 hanc
1515 1023 1692 1072 eclogam

206 1091 311 1128 recte
340 1089 558 1139 Porphyrio
596 1089 782 1139 tribuerit,
820 1090 861 1128 in
900 1090 1057 1129 dubium
1095 1091 1226 1130 vocari
1262 1093 1400 1140 potest.
1457 1091 1558 1129 Nam
1591 1090 1692 1129 inter

209 1157 291 1196 eius
320 1157 445 1207 prima
472 1157 593 1196 verba
622 1160 660 1196 et
688 1158 924 1207 prooemium
953 1158 1096 1197 codicis
1116 1159 1294 1197 Vaticani
1323 1155 1375 1209 (p.
1397 1159 1490 1207 281,
1510 1159 1536 1197 8
1566 1157 1691 1207 Schr.)

206 1235 283 1262 non
323 1235 370 1262 ea
409 1223 614 1262 intercedit
652 1224 912 1273 necessitudo,
951 1236 972 1262 e
1013 1236 1090 1274 qua
1128 1224 1220 1273 quid
1257 1236 1328 1274 pro
1364 1228 1470 1263 certo
1506 1224 1691 1263 concludi

205 1291 336 1341 possit.
412 1291 552 1349 Neque
607 1303 700 1330 vero
748 1292 870 1331 verba
917 1292 1161 1342 arrogantiae
1208 1293 1328 1342 plena
1373 1288 1427 1333 τὸ
1476 1289 1690 1333 ἐπίθετον

204 1357 281 1414 τῆς
315 1351 588 1414 Ἀφροδίτης,
629 1350 654 1400 ὃ
694 1355 780 1400 ov'x
819 1354 1008 1414 ἐνόησαν
1047 1355 1090 1400 οἱ
1126 1354 1215 1413 πρὸ
1249 1355 1377 1415 ἡμῶν
1405 1357 1449 1400 τί
1478 1357 1690 1414 σημαίνει,

208 1439 308 1476 quae
337 1428 583 1477 Apollodoro
623 1428 791 1467 adscribi
827 1431 1040 1477 nequeunt,
1078 1428 1287 1478 Porphyrii
1320 1429 1361 1466 in
1399 1440 1525 1467 mores
1560 1431 1599 1467 et
1632 1429 1688 1466 in-

206 1494 338 1533 dolem
376 1495 579 1544 quadrant.
636 1496 694 1534 Eo
711 1514 715 1519 ·
732 1495 936 1546 perducor,
973 1498 1016 1534 ut
1050 1495 1152 1535 hanc
1182 1496 1358 1546 eclogam
1388 1496 1537 1546 Apioni
1564 1495 1688 1534 vindi-

205 1562 370 1601 candam
400 1574 485 1601 esse
514 1564 696 1613 suspicer.
754 1563 832 1602 Sed
861 1575 946 1603 cum
966 1564 1203 1614 Apollodori
1231 1564 1446 1603 doctrinam
1475 1564 1539 1603 hic
1567 1565 1690 1603 latere

205 1629 298 1668 satis
327 1632 432 1668 certe
462 1632 628 1678 constet,
663 1631 788 1669 minus
816 1631 953 1679 refert,
987 1632 1072 1680 quis
1101 1632 1298 1681 proximus
1327 1634 1462 1670 auctor
1490 1631 1690 1670 ducendus

204 1697 264 1735 sit.
330 1696 545 1736 Adnotavit
586 1697 799 1737 Reinhardt
842 1709 1056 1748 congruere
1100 1699 1308 1739 Cornutum
1352 1711 1389 1749 p.
1420 1699 1485 1747 38,
1508 1699 1560 1738 10
1603 1710 1689 1738 cum

205 1764 342 1804 scholii
370 1765 451 1804 his:
492 1762 588 1806 ἐπεὶ
616 1779 687 1807 τοι
717 1764 791 1806 καὶ
813 1764 1150 1821 Ἀλαλκομενηῒς
1175 1762 1336 1823 Ἀθήνη
1366 1762 1486 1820 παρὰ
1514 1773 1609 1814 τοῖς
1639 1759 1686 1807 εὖ

208 1831 509 1885 λογιζομένοις
547 1826 637 1873 α’πὸ
676 1832 755 1886 τῆς
794 1831 1030 1886 ἐνεργείας,
1067 1831 1095 1888 ἡ
1131 1826 1448 1875 ἄπαλάλκουσα
1486 1834 1551 1887 τῷ
1588 1831 1689 1887 ἰδίῳ

203 1897 321 1952 μένει
368 1894 475 1948 τοὺς
522 1897 762 1949 ἐναντίους.
836 1902 967 1941 Paene
1013 1902 1245 1941 verbotenus
1288 1914 1375 1941 eum
1416 1902 1477 1941 his
1520 1902 1690 1942 concinit

205 1967 283 2017 Ap.
302 1967 420 2017 Soph.
450 1980 487 2018 p.
509 1969 574 2016 22,
592 1969 615 2006 7
641 1968 783 2007 Bekk.:
813 1967 1128 2023 α’λαλκομενηίς
1156 1966 1183 2023 ἡ
1212 1969 1278 2023 τῷ
1305 1966 1405 2023 ἰδίῳ
1431 1968 1552 2023 μένει
1576 1961 1688 2010 ἄπα-

205 2029 405 2086 λάξουσα
433 2031 538 2083 τούς
569 2031 811 2085 ἐναντίους.
861 2033 904 2076 οἱ
930 2033 976 2076 δὲ
1004 2034 1079 2076 καὶ
1109 2029 1199 2077 ἀπὸ
1218 2028 1587 2091 Ἀλαλκομενηΐου
1616 2032 1687 2078 τό-

203 2114 294 2142 που
323 2099 445 2150 τινός
472 2102 537 2155 (cf.
567 2103 674 2142 Eust.
702 2116 740 2152 p.
760 2104 854 2152 439,
869 2105 949 2153 30).
1007 2105 1056 2142 Et
1085 2105 1220 2142 mirum
1250 2108 1415 2153 quantus
1443 2108 1503 2143 est
1530 2105 1690 2145 Cornuti

204 2171 242 2208 et
275 2169 442 2220 Apionis
481 2170 585 2220 apud
619 2171 697 2221 Ap.
723 2170 839 2222 Soph.
875 2183 1085 2211 consensus
1123 2172 1164 2210 in
1203 2172 1365 2211 aliorum
1400 2184 1558 2223 quoque
1590 2172 1687 2212 deae

203 2239 472 2288 cognominum
515 2239 842 2288 interpretatione.
909 2241 1072 2278 Fontem
1117 2251 1355 2278 communem
1394 2251 1479 2278 esse
1518 2241 1686 2290 Apollo-

202 2304 338 2344 dorum
390 2306 544 2344 iamiam
599 2318 731 2345 omnes
785 2306 906 2346 habet
952 2307 1037 2346 veri
1085 2318 1274 2347 numeros.
1350 2307 1427 2346 Sed
1475 2310 1686 2358 perlustres

202 2383 347 2421 quaeso
375 2372 493 2411 haec:

247 2458 318 2505 Ap.
334 2459 444 2505 Soph.
460 2461 795 2505 p.154‚21130kk.:
826 2462 908 2508 Τρι-
1024 2462 1128 2499 Corn.
1153 2474 1189 2508 p·
1206 2465 1332 2508 37‚11:
1371 2461 1610 2509 Τριτογένεια
1636 2461 1684 2501 δέ,

201 2513 375 2561 τογὲνεια
411 2512 593 2553 ἐπίθετον
623 2511 798 2562 Ἀθηνᾶς,
831 2513 906 2554 ἀπὸ
978 2513 1039 2555 ὅτι
1072 2512 1095 2565 ἦ
1127 2523 1206 2562 τοῖς
1238 2523 1374 2562 κακοῖς
1411 2517 1607 2566 ἕγγενῶσα
1638 2515 1682 2554 τὸ

203 2576 271 2607 τοῦ
294 2577 398 2618 τρεῖν
424 2570 586 2618 ἐγγενᾶν
604 2578 684 2615 τοῖς
699 2574 907 2621 πολεμίοις.
977 2579 1083 2621 τρεῖν
1106 2574 1169 2611 καὶ
1192 2573 1344 2622 τρέμειν
1367 2571 1461 2620 αὕτη
1487 2573 1600 2612 ἐστίν.

202 2729 295 2774 quia,
320 2729 588 2775 deprompserit
609 2742 683 2766 non
706 2731 892 2767 dissimilia
907 2733 1091 2769 Eustathii
1112 2733 1186 2769 his:
1212 2728 1350 2779 Ἀθήνη
1368 2732 1406 2770 δὲ
1423 2735 1598 2776 μυθικῶς
1612 2733 1685 2778 μὲν

201 2782 290 2828 Διός
319 2782 503 2832 θυγάτηρ,
536 2783 653 2823 οἱονεὶ
686 2783 808 2832 ἀθήλη
842 2798 898 2830 τις
930 2782 1044 2831 οὖσα,
1077 2783 1127 2831 ὡς
1149 2785 1201 2835 μή
1227 2786 1462 2835 θηλάζουσα,
1486 2790 1522 2824 in
1545 2789 1683 2828 incerto

201 2841 375 2888 relinquo.
