2096 3129
382 173 432 215 18

375 280 689 343 άπεριγένητος
727 286 802 329 καὶ
840 284 1130 342 μεταδοτικὸς
1168 287 1317 344 ἰσχύος
1355 297 1449 340 τοῖς
1484 286 1598 332 κατὰ
1625 289 1756 346 μέρος
1790 289 1864 332 καὶ

377 349 511 411 ἀλκῆς
539 353 770 409 ὑπάρχων.

486 436 524 475 p.
551 425 616 473 66,
641 425 828 474 19—67,
851 426 876 463 2
917 422 1144 475 ἐπιθέτοις
1189 419 1343 476 ἄλλοις
1380 425 1441 476 εἷς
1480 422 1617 468 αὐτὸν
1653 427 1864 482 χρῶνται,

371 487 657 544 χρυσοκόμαν
693 491 767 533 καὶ
805 485 1097 546 ἀκειρεκόμαν
1124 492 1556 547 προσαγορεύοντες,
1585 491 1736 550 ἐπειδὴ
1761 509 1863 548 χρυ-

375 554 526 608 σωπός
566 555 658 601 ἐστι
697 557 772 601 καὶ
809 555 893 612 ἔξω
929 558 1131 609 πένθους
1161 557 1391 612 καθεστώς
1421 556 1492 604 διὰ
1520 557 1602 618 τὴν
1628 557 1862 617 ἁγνότητα.

372 626 531 666 Arridet
564 629 658 667 mihi
686 628 1043 668 Schmitt·Blankii
1072 630 1311 678 coniectura,
1342 632 1409 680 qui
1437 629 1511 670 καὶ
1541 627 1764 679 ἐπιθέτοις
1792 643 1862 680 pro

371 694 545 735 codicum
590 692 662 736 ἐπὶ
702 691 755 738 τὸ
797 702 891 745 τοῖς
930 697 1046 737 scribi
1083 697 1209 745 iussit,
1251 709 1354 746 cum,
1394 699 1545 738 etiamsi
1583 698 1861 738 substantivum

373 759 591 803 ἐπίτεθον
620 764 662 801 in
691 764 853 803 Cornuti
880 764 1020 803 libello
1049 764 1147 803 alibi
1175 776 1254 802 non
1282 766 1436 814 legitur,
1466 778 1502 815 p.
1525 766 1589 815 74,
1607 766 1659 803 14
1688 768 1863 805 occurrat

369 825 647 878 ἐπιθετικῶς.
712 831 891 871 Ceterum
930 831 1120 871 Cornutus
1159 834 1202 870 ut
1239 831 1304 871 hic
1343 831 1393 871 de
1433 833 1621 883 Apolline
1661 832 1860 883 disputans

369 898 488 936 utitur
526 910 623 937 voce
662 889 871 952 ἁγνότης,
910 900 965 937 ita
1002 911 1040 948 p.
1061 900 1126 946 73,
1143 899 1196 936 20
1232 899 1399 937 Dianam
1435 901 1611 950 appellat
1645 895 1788 953 ἁγνήν
1822 903 1861 939 et

368 963 479 1003 addit
509 960 674 1017 ὁμοίως
703 964 769 1019 τῷ
797 961 922 1021 ἡλίῳ.
973 966 1048 1005 Vel
1076 965 1164 1004 ideo
1192 965 1258 1005 hic
1282 966 1393 1005 locus
1420 966 1689 1017 interpolatori
1709 966 1859 1006 cuidam

367 1044 447 1071 non
475 1032 701 1072 tribuendus
731 1036 800 1072 est.
857 1034 996 1083 Neque
1025 1034 1112 1072 ulla
1140 1033 1362 1072 offendendi
1391 1045 1508 1073 causa
1537 1034 1658 1074 adest.
1706 1035 1859 1073 Etenim

366 1098 459 1152 μέν,
499 1101 604 1150 quod
632 1113 670 1151 p.
693 1102 757 1150 66,
777 1102 828 1139 18
856 1102 1012 1151 legitur,
1050 1102 1245 1151 particula
1284 1099 1344 1147 δέ,
1384 1114 1485 1151 quae
1519 1114 1556 1152 p.
1580 1103 1684 1150 67,2
1722 1104 1858 1151 exstat,

367 1168 567 1218 excipitur,
595 1169 636 1208 in
664 1170 794 1220 priore
823 1172 951 1209 autem
981 1169 1151 1209 membro
1188 1169 1419 1220 cognomina
1448 1169 1499 1208 ad
1529 1169 1591 1209 dei
1620 1170 1790 1219 quietum
1820 1172 1859 1209 et

366 1247 544 1275 serenum
584 1238 753 1275 animum
787 1237 1023 1284 referuntur,
1061 1237 1103 1274 in
1137 1238 1262 1276 altero
1299 1236 1351 1274 ad
1386 1248 1448 1286 ea,
1488 1249 1586 1286 quae
1617 1237 1711 1276 deus
1740 1236 1858 1276 efficit

366 1304 438 1353 (—
468 1298 672 1357 δυνάμεις
701 1304 785 1345 τοῦ
819 1303 934 1345 θεοῦ
962 1305 1046 1354 -).

478 1384 515 1422 p.
543 1373 607 1420 67,
632 1373 801 1410 15-16
841 1366 869 1428 ἢ
907 1365 997 1413 α’πὸ
1037 1370 1118 1424 τῆς
1157 1368 1399 1426 λοξότητος
1437 1372 1514 1426 τῆς
1558 1371 1757 1427 πορείας,
1800 1364 1855 1427 ἢν

364 1446 558 1481 ποιεῖται
587 1436 660 1481 διὰ
688 1439 774 1481 τοῦ
803 1438 1028 1493 ζῳδιακοῦ
1046 1434 1232 1481 κύκλου.
1281 1440 1330 1478 In
1349 1441 1631 1480 elocutionibus
1651 1453 1742 1481 vere
1763 1441 1855 1481 Cor-

364 1508 534 1547 nutianis
562 1511 785 1547 numeratur
813 1503 896 1561 τὴν
926 1506 1114 1560 πορείαν
1142 1508 1387 1555 ποιεῖσθαι,
1423 1507 1471 1546 cf.
1501 1520 1540 1557 p.
1560 1509 1625 1557 33,
1641 1509 1711 1556 20;
1751 1509 1854 1548 simi-

363 1575 456 1614 liter
484 1575 630 1626 legitur
657 1571 740 1631 τὴν
769 1573 943 1630 κίνησιν
968 1576 1198 1616 ποιεῖσθαι
1217 1587 1254 1626 p.
1277 1576 1341 1624 34,
1365 1575 1399 1624 1,
1421 1575 1458 1614 2.
1487 1575 1553 1624 48,
1573 1576 1611 1625 8,
1633 1577 1669 1614 9.
1716 1577 1853 1626 Neque

364 1655 385 1681 e
415 1644 631 1682 sententiae
660 1645 945 1683 constructione
975 1644 1093 1683 oritur
1121 1644 1337 1693 scrupulus.
1386 1644 1487 1682 Nam
1516 1655 1791 1693 saepenumero
1821 1646 1854 1683 si

363 1710 535 1751 eiusdem
565 1712 623 1751 rei
652 1711 909 1763 explicandae
930 1712 1149 1763 complures
1167 1710 1419 1762 proferuntur
1437 1710 1618 1760 rationes,
1646 1712 1852 1752 verborum

362 1779 691 1818 conformationes
720 1781 929 1828 variantur,
958 1792 1085 1829 neque
1114 1792 1209 1818 vero
1238 1779 1289 1828 id,
1320 1779 1424 1828 quod
1444 1779 1717 1828 praedicatum,
1746 1781 1852 1830 quod

362 1846 512 1895 dicunt,
557 1847 725 1887 medium
769 1847 1038 1899 interponitur,
1082 1860 1106 1886 a
1142 1847 1302 1888 Cornuti
1346 1858 1418 1886 usu
1464 1845 1619 1886 dicendi
1658 1847 1852 1888 abhorret.

361 1914 474 1961 Quod
503 1914 579 1954 hoc
608 1916 700 1954 loco
720 1915 809 1954 ideo
828 1915 972 1954 factum
992 1927 1076 1954 esse
1097 1918 1271 1965 apparet,
1301 1915 1407 1964 quod
1426 1915 1629 1964 genetivus
1648 1916 1848 1955 absolutus

360 1982 671 2034 λοξῶν-τῶν
712 1983 920 2037 χρησμῶν
968 1983 1204 2033 praemissus
1251 1986 1324 2030 est,
1374 1994 1451 2031 quo
1505 1983 1554 2021 ab
1605 1983 1852 2023 antecedenti

358 2050 551 2090 sententia
579 2051 749 2101 optimus
779 2053 936 2101 paratur
965 2051 1159 2090 transitus.

470 2131 508 2168 p.
531 2120 595 2167 72,
612 2118 721 2156 5—7
749 2113 1100 2172 προσγειότατόν
1119 2132 1167 2159 τε
1188 2118 1283 2159 ταῖν
1303 2116 1529 2171 ου’ρανίων
1550 2109 1690 2158 οὖσαν
1711 2110 1849 2175 αὐτὴν

356 2184 459 2240 περὶ
479 2181 558 2236 τὰς
578 2181 779 2241 κορυφὰς
798 2185 892 2228 τῶν
912 2177 1034 2241 ὀρῶν
1049 2182 1219 2239 ἔφασαν
1240 2184 1608 2242 ἀναστρέφεσθαι.
1644 2186 1677 2225 Ε
1693 2185 1849 2227 dicendi

357 2267 428 2294 usu
472 2258 758 2305 argumentum,
797 2267 875 2305 quo
918 2255 1016 2294 haec
1062 2256 1183 2295 verba
1227 2256 1359 2306 spuria
1404 2266 1488 2295 esse
1526 2254 1729 2304 probetur,
1771 2268 1849 2295 non

356 2323 560 2373 redundat,
588 2324 719 2374 potius
739 2324 999 2364 Cornutianae
1030 2323 1320 2364 consuetudinis
1349 2326 1408 2363 est
1427 2334 1518 2362 usus
1538 2322 1648 2361 verbi
1667 2317 1846 2374 ἔφασαν,

357 2392 424 2440 qui
459 2391 523 2431 hic
552 2393 736 2439 occurrit;
772 2390 932 2431 verbum
963 2388 1320 2445 ἀναστρέφεσθαι
1348 2404 1387 2442 p.
1410 2392 1473 2440 16,
1490 2391 1527 2429 6.
1556 2390 1622 2438 40,
1639 2389 1664 2428 5
1693 2391 1848 2441 legitur.

357 2458 435 2497 Sed
454 2461 731 2498 sententiarum
752 2471 941 2498 conexum
962 2460 1313 2509 contemplantibus
1332 2459 1409 2498 hoc
1429 2458 1679 2506 enuntiatum,
1705 2459 1847 2508 quippe

356 2538 432 2577 quo
471 2527 570 2566 ratio
609 2527 849 2578 cognominis
888 2528 1002 2567 aliter
1041 2529 1257 2578 exponatur
1291 2529 1408 2577 atque
1437 2538 1475 2577 p.
1502 2525 1567 2575 71,
1587 2523 1638 2563 14
1673 2527 1848 2576 exposita

354 2597 449 2642 erat,
477 2595 651 2644 ineptum
681 2598 720 2634 et
739 2607 1071 2646 supervacaneum
1091 2595 1270 2634 videatur
1290 2606 1388 2634 esse.
1429 2594 1525 2633 Ideo
1545 2594 1653 2632 iuvat
1672 2593 1844 2634 ordinem

352 2663 632 2702 sententiarum
659 2665 874 2704 accuratius
893 2664 1090 2715 persequi:
1121 2663 1222 2703 duae
1241 2664 1410 2703 omnium
1431 2661 1714 2713 cognominum,
1743 2674 1844 2712 quae

352 2743 390 2781 p.
411 2732 477 2779 71,
496 2731 544 2768 11
578 2734 846 2782 congeruntur,
877 2731 1200 2783 explicandorum
1229 2731 1463 2771 adhibentur
1490 2730 1680 2778 rationes,
1720 2731 1846 2770 altera

350 2799 621 2851 interpretatio
659 2802 784 2839 exstat
812 2813 849 2851 p.
871 2802 937 2849 71,
955 2801 1015 2849 13,
1051 2801 1177 2840 altera
1205 2812 1242 2851 p.
1272 2798 1547 2849 71,14-72,
1565 2799 1601 2837 7.
1648 2798 1846 2840 Posterior
