2096 3129
1674 153 1697 189 9

212 266 433 316 respicitur,
471 267 512 304 in
549 267 841 317 insequentibus
881 270 1008 306 antem
1046 267 1100 305 ita
1127 267 1340 315 invertitur,
1375 269 1418 305 ut
1445 265 1699 305 Prometheus

213 332 264 373 ad
291 331 488 373 hominum
515 333 759 385 prudentiam
789 337 829 375 et
855 333 1113 375 calliditatem
1141 332 1315 374 adultam
1345 335 1383 373 et
1412 333 1699 373 corroboratam

211 401 414 440 referatur.

325 481 365 520 p.
390 469 459 520 33,
482 469 590 509 2—5
627 464 700 512 διὰ
727 469 866 512 τοῦτο
896 464 978 524 γὰρ
1006 469 1061 523 τῇ
1087 465 1250 523 πρώτῃ
1279 467 1492 523 γενομένῃ
1523 467 1700 523 γυναικὶ

211 536 471 591 συνοικῆσαι
506 537 671 578 τοῦτον
706 533 899 590 ἔφασαν·
931 529 1260 590 ἀφρονέστερον
1290 532 1372 590 γάρ
1408 549 1506 585 πως
1541 533 1594 591 δὴ
1624 535 1699 576 καὶ

210 591 264 644 τὸ
309 602 428 658 θῆλυ
466 598 579 646 εἶναι
616 603 691 645 καὶ
734 601 1050 658 ἐπιμηθεῑσθαι
1088 604 1264 658 μᾶλλον
1302 597 1329 659 ἢ
1366 604 1699 658 προμηθεῖσθαι

210 666 422 722 πεφυκός.
481 672 589 712 Haec
619 673 740 711 verba
779 671 904 711 editor
932 672 1016 722 ipse
1044 684 1123 711 non
1151 672 1227 711 nisi
1257 671 1436 710 dubitans
1466 672 1698 722 expunxisse

210 739 379 789 videtur,
419 740 561 792 quippe
598 741 663 791 qui
697 741 739 779 in
773 743 963 791 apparatu
993 741 1125 781 critico
1156 740 1422 780 adnotaverit:
1466 740 1530 790 „Si
1560 742 1596 779 2.
1628 733 1699 781 διὰ

210 807 368 848 τοῦτο·
399 808 435 848 5.
462 803 664 860 πεφυκός
699 809 868 859 genuina
897 820 1073 857 censeas,
1113 804 1185 850 διὰ
1214 808 1349 849 τοῦτο
1381 807 1490 862 γοῦν
1520 811 1578 847 est
1607 808 1698 848 scri·

210 876 416 915 bendum“.
483 878 616 927 Atque
655 877 730 916 hoc
768 877 898 926 modo,
938 880 981 916 ut
1019 878 1283 926 emendemus,
1321 878 1453 916 nescio
1492 889 1544 915 an
1583 877 1698 915 simili

210 943 364 985 dicendi
402 944 516 984 modo
554 945 774 995 permoveri
810 945 1019 995 possimus,
1059 945 1126 995 qui
1159 957 1197 996 p.
1224 945 1289 994 22,
1307 945 1330 982 9
1370 944 1568 984 invenitur
1607 939 1697 994 (διὰ

208 1011 348 1052 τοῦτο
383 1011 496 1065 γοῦν
530 1011 605 1052 καὶ
640 1007 807 1065 ῥάβδον
843 1009 1155 1066 ἐγχειρίζουσι).
1214 1013 1313 1051 Nam
1342 1013 1463 1052 verba
1492 1025 1516 1050 a
1544 1013 1695 1062 Langio

207 1079 249 1117 in
292 1091 412 1118 uncos
456 1080 631 1119 coniecta
675 1091 754 1118 non
792 1080 949 1119 aliunde
988 1081 1102 1119 illata
1141 1091 1228 1119 esse
1268 1082 1418 1119 constat
1454 1091 1533 1119 non
1571 1080 1697 1118 solum

208 1149 367 1197 propter
393 1147 611 1197 particulae
638 1160 735 1195 πως
764 1160 873 1186 usum
903 1170 957 1176 —
988 1147 1036 1187 de
1062 1160 1140 1197 quo
1168 1147 1217 1186 cf.
1243 1159 1360 1197 supra
1387 1159 1424 1197 p.
1441 1148 1465 1186 5
1496 1147 1564 1196 (ad
1583 1147 1696 1186 Corn.

208 1226 245 1264 p.
266 1215 303 1263 3,
321 1214 502 1265 11—13)
531 1236 587 1243 —
617 1214 686 1254 sed
724 1215 838 1254 etiam
868 1217 1026 1266 propter
1054 1214 1214 1254 verbum
1243 1212 1492 1267 πεφυκέναι
1522 1226 1609 1254 cum
1638 1215 1696 1253 in-

206 1282 354 1322 finitivo
387 1283 573 1332 iunctum,
609 1283 712 1333 quod
747 1283 788 1321 in
816 1284 1031 1333 insignibus
1061 1283 1320 1324 Cornutianae
1351 1283 1506 1323 dicendi
1535 1295 1697 1322 cousue-

206 1349 350 1389 tudinis
369 1351 668 1401 proprietatibus
694 1354 917 1390 numeratur
943 1350 1006 1401 (cf.
1027 1363 1064 1402 p.
1088 1351 1150 1400 14,
1164 1352 1200 1390 6.
1227 1351 1292 1400 36,
1308 1352 1344 1393 6.
1372 1352 1436 1399 62,
1448 1351 1486 1391 5.
1514 1351 1697 1402 72,1,2).

319 1430 356 1468 p.
377 1418 442 1466 34,
462 1419 625 1456 13—-14
660 1416 735 1459 καὶ
770 1414 853 1472 γὰρ
891 1415 915 1460 ὁ
951 1418 1099 1472 μῦθος
1134 1412 1255 1472 παρὰ
1289 1419 1355 1472 τῷ
1392 1418 1553 1473 ποιητῇ
1591 1415 1694 1466 ἐστι,

206 1481 507 1534 παλαιότατος
543 1482 618 1526 ὤν.
678 1487 786 1525 Haec
820 1487 942 1526 verba
974 1486 1218 1537 parenthesis
1257 1498 1374 1536 quam
1413 1490 1554 1526 vocant
1581 1487 1696 1526 intel-

205 1555 286 1604 legi
324 1556 501 1604 possunt,
542 1554 719 1593 conferas
759 1566 904 1604 quaeso
943 1566 976 1593 e.
1003 1566 1058 1604 gr.
1093 1567 1130 1604 p.
1152 1556 1216 1603 21,
1236 1555 1379 1603 13,14,
1415 1556 1481 1593 ubi
1509 1553 1582 1594 καὶ
1612 1549 1694 1606 γάρ

203 1622 375 1662 recurrit.
444 1621 622 1662 Ceterum
662 1623 826 1663 similem
865 1623 907 1661 in
945 1622 1099 1662 modum
1138 1636 1175 1674 p.
1199 1623 1329 1672 62,16
1369 1623 1534 1673 legimus
1563 1620 1637 1663 καὶ
1669 1620 1693 1662 ὁ

205 1684 326 1741 παρὰ
355 1689 420 1742 τῷ
447 1688 609 1743 ποιητῇ
640 1688 687 1730 δὲ
715 1689 874 1742 μῦθος.

317 1769 354 1807 p.
376 1757 441 1806 35,
461 1757 622 1796 17-19
641 1748 835 1813 Ἀμήτωρ
867 1754 915 1798 δέ
943 1753 1063 1798 ἐστιν
1083 1753 1109 1811 ἡ
1137 1749 1303 1812 Ἀθηνᾶ
1334 1753 1407 1798 διὰ
1427 1752 1480 1798 τὸ
1504 1749 1694 1798 ἀλλοίαν

205 1818 318 1865 εἶναι
348 1819 431 1878 τὴν
461 1824 537 1880 τῆς
567 1817 724 1879 ἀρετῆς
753 1821 925 1878 γένεσιν
955 1823 1030 1865 καὶ
1060 1817 1141 1878 οὐχ
1170 1822 1244 1866 οἵα
1277 1821 1304 1881 ἦ
1334 1825 1426 1866 τῶν
1462 1821 1511 1865 ἐκ
1531 1823 1691 1866 συνδυ-

205 1891 345 1946 ασμοῦ
392 1890 644 1946 γενομένων
693 1891 805 1944 ἒστί;
850 1894 914 1942 36,
946 1892 1060 1932 5-7
1101 1888 1230 1934 ἄλλοι
1277 1891 1323 1934 δὲ
1369 1888 1462 1934 α’πὸ
1507 1892 1592 1933 τοῦ
1636 1886 1694 1948 μὴ

204 1959 449 2013 πεφυκέναι
487 1959 704 2003 θένεσθαι
741 1960 815 2003 καὶ
857 1957 1194 2004 ὑποτάττεσθαι
1229 1957 1312 2018 τὴν
1349 1954 1530 2018 α’ρετήν;
1572 1962 1637 2010 36,
1670 1963 1693 2000 9

204 2030 417 2070 τοιοῦτον
438 2025 521 2083 γάρ
542 2044 586 2070 τι
604 2026 631 2084 ἡ
654 2023 799 2084 ἀρετή.
839 2031 949 2069 Haec
969 2031 1178 2079 enuntiata,
1198 2031 1344 2080 quippe
1365 2031 1504 2080 quibus
1525 2030 1690 2069 eundem

203 2098 245 2135 in
274 2097 428 2136 modum
457 2098 605 2136 numini
623 2099 822 2137 Minervae
848 2099 1000 2137 virtutis
1031 2098 1137 2137 notio
1166 2098 1401 2149 adsignetur,
1431 2110 1510 2137 non
1529 2089 1695 2148 possunt

203 2178 281 2204 non
310 2165 486 2216 profecta
514 2177 600 2205 esse
630 2167 679 2205 ab
709 2166 846 2205 eodem
875 2170 1043 2205 auctore.
1090 2167 1228 2216 Itaque
1258 2167 1291 2205 si
1316 2178 1414 2205 nnus
1444 2179 1493 2205 ex
1519 2165 1580 2205 his
1599 2167 1697 2205 locis

206 2233 374 2272 Cornuto
404 2233 576 2281 debetur,
607 2234 726 2272 ceteri
755 2245 833 2271 non
861 2236 1024 2283 possunt
1053 2235 1173 2284 spurii
1203 2245 1301 2273 esse.
1348 2234 1399 2272 Et
1427 2236 1516 2272 sunt
1545 2234 1693 2274 Cornu-

202 2301 326 2349 tiana,
367 2313 468 2351 quae
507 2302 689 2351 leguntur
726 2313 762 2351 p.
794 2302 858 2350 36,
881 2301 905 2341 5
935 2313 1012 2351 sq.:
1053 2302 1221 2342 occurrit
1258 2303 1360 2341 enim
1399 2303 1488 2351 ille,
1528 2301 1577 2340 de
1616 2313 1692 2352 quo

203 2380 320 2419 supra
350 2369 440 2418 dixi,
469 2381 559 2410 usus
590 2370 700 2409 verbi
727 2368 993 2422 πεφυκέναι;
1023 2372 1061 2410 et
1089 2370 1195 2420 quod
1222 2370 1383 2410 levioris
1412 2370 1601 2409 momenti
1621 2373 1695 2419 est,

203 2437 364 2476 verbum
393 2432 725 2479 ὑποτάττεσθαι
756 2439 871 2478 etiam
900 2450 937 2489 p.
959 2438 1023 2487 30,
1043 2438 1093 2478 15
1122 2439 1276 2489 legitur.
1324 2439 1462 2488 Neque
1483 2439 1692 2479 verborum

205 2505 530 2545 constructionem
568 2506 793 2545 solutiorem
831 2506 1122 2556 interpolationi
1157 2505 1301 2545 indicio
1336 2509 1431 2557 puto
1461 2517 1570 2545 esse:
1601 2506 1695 2557 quid

202 2572 303 2611 enim
338 2572 482 2621 obstat,
518 2573 721 2622 quominus
751 2573 960 2613 Cornutum
996 2566 1317 2615 ἀνακόλουθον
1347 2573 1559 2623 quoddam,
1589 2574 1694 2624 quod

203 2639 360 2688 dicitur,
403 2639 477 2679 sibi
515 2642 722 2692 sumpsisse
760 2641 1058 2693 censeamus?¹)
1125 2643 1185 2681 Ea
1221 2653 1335 2690 vero,
1375 2653 1474 2692 quae
1513 2654 1550 2693 p.
1582 2643 1646 2691 36,
1667 2643 1691 2680 9

313 2738 342 2783 ²)
365 2736 446 2774 Hoc
468 2737 500 2774 si
515 2738 596 2785 quis
618 2739 791 2776 audacius
808 2749 888 2777 esse
905 2742 1030 2776 censet
1046 2742 1083 2776 et
1099 2740 1340 2777 coniecturam
1356 2741 1503 2786 mavult,
1527 2740 1683 2778 fortasse

199 2794 440 2843 supplendum
463 2798 520 2833 est
544 2791 845 2844 ἐτυμολογοῦσιν
869 2792 999 2844 αὐτήν,
1023 2796 1071 2834 cf.
1093 2807 1134 2844 p.
1149 2799 1226 2845 2‚4.
1251 2799 1306 2844 65,
1323 2801 1355 2845 8,
1371 2800 1406 2835 9.
