2096 3129
1620 155 1671 194 31

187 281 350 320 cumque
379 269 510 308 libelli
537 270 649 319 pueri
676 270 716 307 in
745 281 854 309 usum
884 270 1093 319 conscripti
1122 269 1173 307 ad
1201 268 1405 308 consilium
1428 270 1467 306 et
1485 268 1675 306 rationem

185 338 397 387 pertinent,
434 337 610 388 inprimis
649 349 776 388 neque
814 340 991 388 tangeret
1030 337 1243 387 epilogum,
1284 347 1399 385 quem
1427 338 1675 374 retractatum

186 417 270 445 esse
305 405 497 445 neminem
531 407 624 455 puto
655 417 738 445 esse
768 406 835 455 qui
863 404 1090 454 contendat,
1128 415 1256 454 neque
1286 416 1333 443 ea
1361 404 1498 457 verba,
1537 403 1675 452 quibus

185 473 436 523 Theogoniae
464 474 682 513 Hesiodeae
719 474 993 513 commentario
1029 472 1115 511 finis
1149 473 1369 522 imponitur.
1426 472 1561 521 Itaque
1596 484 1675 510 non

190 542 398 593 separatim
433 541 626 592 agendum
663 545 722 582 est
751 541 799 581 de
829 542 1082 593 epitomatore
1112 552 1225 591 quem
1254 540 1390 581 dicunt
1418 542 1457 579 et
1486 539 1535 579 de
1563 539 1675 579 scho-

185 610 316 648 lastici
349 609 482 648 libelli
517 613 691 654 auctore,
731 610 801 649 sed
829 609 905 648 hae
935 610 1180 659 quaestiones
1208 610 1248 647 in
1277 621 1392 647 unam
1422 611 1572 647 coeunt.
1629 608 1675 646 Id

185 679 292 716 recte
321 677 439 716 sensit
460 677 682 716 Wendland
710 679 740 716 1.
759 679 789 716 1.
838 676 914 724 Qui
942 689 1022 716 non
1042 676 1211 716 Cornuto
1240 677 1316 726 ipsi
1341 675 1410 715 sed
1431 676 1675 725 epitomatori

183 745 295 794 pueri
323 744 609 783 adlocutionem
639 748 678 784 et
705 745 837 784 libelli
864 744 1039 783 indolem
1068 744 1292 784 scholastici
1310 744 1442 782 tribuit
1462 746 1674 782 extremum

183 814 300 862 caput
337 811 567 862 significans.
624 812 709 851 Hoc
747 813 865 862 igitur
892 813 1012 862 paulo
1042 812 1259 851 accuratius
1288 811 1481 862 inspicere
1511 812 1673 861 oportet,

181 879 222 917 in
259 879 392 930 primis
432 892 495 929 ea,
537 892 636 930 quae
670 892 707 930 p.
735 880 805 928 76,
832 881 856 919 6
895 880 1094 930 leguntur:
1135 876 1209 920 διὰ
1246 875 1474 920 πλειόνων
1513 876 1560 919 ὀὲ
1598 876 1672 918 καὶ

182 942 609 1001 ἐξεργαστικώτερον
664 946 832 1002 εἴρηται
884 953 978 996 τοῖς
1032 945 1341 1001 πρεσβυτέροις
1395 942 1673 998 φιλοσόφοις,

182 1012 292 1068 ἐμοῦ
321 1015 405 1057 νῦν
433 1012 781 1071 ὲπιτετμημένως
810 1008 924 1057 αὐτὰ
949 1013 1233 1070 παραδοῦναί
1253 1025 1322 1057 σοι
1349 1013 1671 1069 βουληθέντος·

179 1081 364 1137 χρησίμη
401 1081 485 1136 γὰρ
525 1076 677 1124 αὐτῶν
716 1082 789 1124 καὶ
819 1080 846 1139 ἦ
877 1081 949 1124 ἐπὶ
985 1084 1207 1124 τοσοῦτον
1242 1078 1532 1137 προχειρότης
1566 1079 1670 1123 ἐστι’.

180 1149 386 1190 Profitetur
423 1152 489 1202 qui
517 1151 615 1191 haec
645 1152 778 1192 scribit
805 1152 974 1202 priorum
1005 1152 1234 1202 scriptorum
1263 1151 1455 1202 ampliora
1483 1162 1603 1201 opera
1631 1150 1671 1189 in

179 1230 289 1257 usum
318 1230 429 1258 suum
458 1231 499 1258 se
528 1220 689 1259 vertisse
718 1223 758 1258 et
785 1219 860 1259 hoc
889 1219 1003 1259 modo
1034 1220 1293 1269 excerpsisse,
1331 1222 1372 1257 ut
1401 1218 1671 1269 compendium

179 1286 352 1336 prodiret
381 1299 460 1326 non
489 1288 676 1337 amplum,
713 1299 734 1325 e
764 1299 839 1336 quo
870 1287 1100 1337 discipulus,
1135 1298 1235 1336 quae
1264 1286 1313 1325 de
1344 1286 1579 1326 Graecorum
1610 1285 1670 1324 dis

178 1353 322 1393 tradita
351 1356 491 1403 essent,
520 1355 734 1393 summatim
764 1354 932 1404 quidem,
962 1354 1032 1393 sed
1059 1354 1178 1394 facile
1209 1357 1248 1393 et
1267 1353 1468 1393 commode
1490 1353 1670 1393 disceret.

179 1422 229 1459 Et
256 1433 319 1460 res
347 1423 447 1461 bene
477 1434 519 1461 se
548 1422 683 1461 habet:
712 1434 802 1460 nam
832 1423 898 1472 qui
926 1422 1104 1461 libellum
1126 1422 1357 1472 conscripsit
1375 1433 1461 1460 cum
1482 1424 1670 1469 auctores,

179 1500 276 1538 quos
313 1490 496 1539 sequitur,
533 1490 575 1528 in
605 1489 878 1540 disputationis
908 1489 1074 1528 decursu
1103 1501 1182 1528 non
1212 1490 1304 1529 citet
1331 1489 1504 1540 (praeter
1533 1489 1669 1539 capitis

179 1557 229 1594 31
262 1556 394 1606 finem,
430 1558 497 1596 ubi
526 1557 726 1597 Cleanthis
754 1566 896 1597 nomen
925 1558 1126 1608 occurrit),
1167 1569 1253 1596 eum
1281 1558 1322 1595 in
1351 1557 1483 1596 libelli
1512 1558 1668 1607 epilogo

178 1623 305 1664 fontes
335 1626 550 1664 summatim
579 1625 752 1665 indicare
780 1626 953 1667 voluisse
983 1625 1142 1665 dixeris.

291 1693 386 1733 Cum
425 1694 716 1743 epitomatorem
754 1694 949 1744 ponimus,
987 1695 1070 1732 illis
1106 1694 1233 1733 verbis
1271 1694 1479 1743 genuinum
1510 1694 1669 1733 Cornuti

177 1772 273 1811 opus
311 1761 420 1800 innui
456 1761 703 1801 manifestum
742 1764 811 1800 est.
868 1762 925 1800 At
963 1762 1065 1801 enim
1103 1762 1222 1811 paulo
1258 1760 1479 1811 impeditior
1506 1773 1569 1800 res
1599 1763 1668 1809 est,

178 1828 209 1866 si
239 1840 326 1867 eum
356 1827 422 1878 qui
452 1828 512 1867 his
532 1830 650 1868 utitur
669 1829 809 1877 verbis,
837 1841 954 1868 unum
973 1829 1085 1867 unius
1105 1829 1273 1867 auctoris
1293 1841 1389 1878 opus
1410 1829 1666 1879 exscripsisse

176 1896 394 1944 statuimus,
443 1908 674 1946 quamquam
722 1908 921 1936 numerum
969 1897 1161 1946 pluralem
1209 1902 1304 1944 τοῖς
1350 1894 1667 1949 πρεσβυτέροις

177 1959 444 2015 φιλοσόφοις
473 1963 636 2003 fortasse
665 1976 744 2003 non
772 1965 903 2015 inepte
934 1976 983 2003 ex
1013 1976 1058 2003 eo
1085 1963 1283 2015 expedias,
1313 1963 1418 2014 quod
1438 1964 1668 2015 epitomator

175 2031 248 2069 illo
289 2032 330 2069 in
365 2043 483 2082 opere
514 2033 733 2082 complures
762 2033 996 2071 vetustiores
1026 2034 1203 2071 auctores
1233 2033 1371 2071 citatos
1401 2044 1443 2071 se
1472 2033 1667 2071 invenisse

175 2098 392 2149 significare
421 2101 600 2140 voluerit.
644 2100 722 2140 Sed
751 2101 850 2140 alias
878 2101 919 2139 in
949 2099 1199 2140 difficultates
1227 2100 1424 2140 inruimus.
1467 2100 1668 2151 Leguntur

176 2167 294 2217 enim,
338 2167 476 2218 quibus
511 2169 750 2218 etymologia
787 2169 895 2208 vocis
924 2163 1038 2210 Αἶσα
1073 2168 1345 2217 introducitur,
1383 2169 1431 2206 in.
1464 2169 1591 2219 capite
1614 2169 1663 2206 13

173 2248 211 2284 p.
235 2237 297 2285 12,
316 2237 366 2274 16
397 2236 515 2276 haec:
555 2230 597 2289 ἢ,
633 2227 692 2285 ὡς
728 2235 772 2277 οἱ
806 2234 1114 2290 πρεσβύτεροι,
1155 2249 1255 2286 quae
1294 2238 1415 2277 verba
1454 2238 1549 2286 quin
1586 2249 1665 2276 non

174 2303 288 2341 aliter
327 2303 556 2354 accipienda
595 2305 672 2343 sint
711 2306 828 2354 atque
862 2305 935 2343 illa
969 2316 1006 2355 p.
1029 2305 1093 2353 76,
1115 2305 1139 2342 6
1176 2304 1309 2352 obvia,
1348 2305 1483 2343 nullus
1519 2304 1664 2343 dubito.

173 2370 356 2421 Sequitur
398 2365 484 2411 eam
528 2373 900 2423 interpretationem,
950 2385 1050 2423 quae
1094 2372 1306 2422 antecedit,
1349 2385 1428 2412 non
1470 2373 1664 2423 prioribus

173 2438 393 2478 auctoribus
431 2439 472 2478 id
512 2443 571 2479 est
606 2439 704 2479 fonti
734 2440 866 2480 deberi
894 2440 964 2480 sed
993 2443 1060 2479 aut
1088 2440 1137 2479 ab
1168 2452 1230 2489 eo,
1270 2441 1337 2490 qui
1364 2440 1544 2479 libellum
1573 2453 1662 2480 con·

172 2506 344 2556 scripsit,
373 2511 440 2546 aut
469 2508 517 2547 ab
546 2509 826 2559 interpolatore
857 2508 905 2548 de
934 2520 1004 2548 suo
1033 2508 1204 2548 additam
1234 2520 1328 2548 esse.
1385 2509 1472 2549 Huc
1502 2509 1662 2557 accedit,

172 2573 275 2624 quod
312 2574 426 2615 huius
455 2577 662 2626 veriloquii
691 2576 798 2615 aliud
827 2577 1085 2616 testimonium
1114 2589 1193 2616 non
1222 2579 1360 2616 exstat.
1411 2577 1505 2616 Arte
1535 2579 1661 2616 autem

171 2654 258 2698 eum
304 2643 385 2682 eius
423 2644 575 2684 ratione
615 2643 826 2684 cohaerent
865 2645 986 2684 verba
1023 2641 1082 2700 μὴ
1122 2641 1326 2699 ὁρωμένη
1366 2645 1475 2684 vocis
1513 2645 1661 2696 Μοῖρα

169 2711 480 2762 interpretationi
509 2713 782 2751 usitatissimae
811 2713 995 2751 immixta.
1042 2713 1184 2752 Nonne
1213 2713 1423 2752 verisimile
1444 2715 1503 2751 est
1523 2713 1660 2759 eidem,

171 2781 237 2831 qui
265 2779 362 2820 haec
393 2779 441 2819 de
471 2791 539 2820 suo
570 2779 730 2830 addidit,
760 2781 890 2821 omnia
918 2780 1155 2821 vindicanda
1184 2792 1281 2830 esse,
1312 2793 1410 2831 quae
1441 2780 1490 2820 ad
1516 2780 1660 2820 fontem
