2096 3129
437 204 494 244 84

546 317 656 358 Idem
694 317 777 358 fere
816 316 919 357 eadit
957 317 998 357 in
1033 317 1299 368 insequentem
1328 315 1643 367 disputationem,
1683 318 1772 365 qua'
1795 313 1923 365 agitur

432 385 481 425 de
525 385 685 433 Gratim
730 397 820 425 nam
866 384 1079 425 Cornutum
1123 396 1210 425 eum
1249 383 1485 435 Chrysippo,
1524 394 1638 433 quem
1677 382 1828 423 Seneca
1870 380 1920 421 de

430 454 518 493 ben.
546 454 566 492 1
591 455 617 493 3
656 455 728 504 (=
753 453 890 503 Chrys.
925 452 972 492 fr.
995 453 1120 504 1082)
1158 454 1201 492 in
1238 464 1347 492 usum
1386 463 1495 492 fluum
1532 451 1664 499 vertit,
1703 449 1921 490 consentire

478 603 714 653 Μελπομένη
750 605 790 644 δὲ
827 602 903 643 α’πὸ
983 617 1020 654 p.
1031 607 1154 644 ner:
1172 601 1252 645 οἵδε
1265 606 1332 644 καὶ
1344 601 1413 653 όφ-
1496 599 1756 650 Μελπομένην
1784 597 1817 640 δ’
1840 598 1918 640 α’πὸ

429 668 498 711 τῆς
539 666 691 711 μολπῆς
728 663 906 710 γλυκείας
939 665 1103 709 θαλμῶν
1131 658 1281 712 ηδονήν,
1314 660 1414 707 εἶδος
1448 664 1514 708 τῆς
1553 658 1756 710 μελῳδίας,
1793 656 1839 696 δι’
1874 655 1922 705 ἧς

429 718 534 764 τινός
566 725 696 767 φωνῆς
716 717 816 766 μετᾶ
838 718 904 765 μέ·
939 716 1018 757 εἴτε
1046 724 1102 769 τῷ
1132 718 1239 770 λόγῳ
1266 722 1414 765 μᾶλλον
1447 714 1536 761 τοὺς
1564 713 1779 758 ἀκούοντας
1800 726 1920 762 ψυχα-

430 780 521 820 λους
544 773 692 823 οὔσης.
940 771 1019 813 εἴτε
1048 780 1105 825 τῷ
1126 774 1247 814 πάθει
1270 780 1412 824 προσῆ-
1447 775 1681 820 γωγεῖσθαι,
1733 769 1920 819 Τερψιχό-

481 831 699 880 Τερψιχόρη
719 832 759 870 δὲ
779 831 840 869 διὰ
858 830 902 869 τὸ
937 845 1010 868 κον
1057 829 1134 869 εἴτε
1172 831 1306 869 κοινὸν
1345 830 1412 878 ἀμ·
1449 841 1519 875 θην
1560 826 1592 865 δ’
1627 825 1702 865 ἀπὸ
1734 832 1804 864 τοῦ
1839 826 1920 874 τέρ-

429 885 644 936 τέρπεσθαι
671 890 736 925 καὶ
757 889 904 936 χαίρειν
939 892 1029 934 φοῖν
1059 885 1173 932 ἐστιν,
1209 886 1249 925 αἲ
1284 888 1413 926 λοιπαὶ
1447 897 1535 922 new
1587 882 1676 927 τοὺς
1727 880 1920 931 α’κρθαῒᾶς

430 941 568 988 αὐτοῦς
625 943 669 982 τὸ
722 948 904 982 πλεῖστον
938 941 1017 987 δύο,
1066 943 1297 991 Μελπομένη
1350 944 1413 982 καὶ
1447 946 1527 984 τοῖς
1551 938 1595 977 ἐκ
1618 940 1791 983 παιδείας
1813 951 1919 987 περι-

428 999 544 1049 μέρος
578 1006 648 1039 τοῦ
679 1001 766 1049 βίου
795 998 818 1048 ἢ
843 998 904 1038 διὰ
944 997 1181 1049 Τερψιχόρη,
1242 1005 1412 1050 παραλα-
1447 995 1658 1044 γινομένοις
1683 993 1855 1043 ἀγαθοῖς·

430 1055 474 1094 τὸ
507 1057 574 1095 καὶ
605 1052 682 1095 άπὸ
715 1063 784 1095 τοῦ
813 1053 902 1105 ὁρᾶ·
938 1060 1077 1104 βοῦσαι
1092 1063 1319 1103 κοσμοῦσιν·
1340 1053 1411 1096 ὥσ-

430 1116 524 1151 σθαι
555 1111 740 1162 παρέχειν
763 1111 904 1162 τέρψιν
940 1126 982 1150 τε
998 1111 1069 1161 τὴν
1083 1113 1157 1160 μὲν
1173 1111 1413 1163 εὐφροσύνην

428 1176 509 1214 τοῖς
568 1169 904 1218 προσπελάζουσιν
938 1167 990 1216 μὴ
1007 1166 1169 1217 κήλησιν
1185 1167 1295 1216 εἶναι,
1311 1170 1355 1209 τὸ
1370 1172 1410 1210 δὲ

430 1223 570 1272 αὐτοῖς,
603 1224 689 1271 ἑνός
712 1227 903 1275 στοιχείου
938 1224 990 1273 μὴ
1015 1227 1196 1274 γοητείαν
1221 1224 1317 1265 άλλὰ
1333 1227 1411 1277 τέρ-

427 1282 711 1329 πλεονάζοντος
757 1280 799 1321 ἐν
849 1288 903 1333 τῷ
940 1294 1018 1329 ψιν.

429 1337 591 1385 ὀνόματι
615 1369 623 1378 .
641 1368 651 1378 .
667 1369 676 1377 .

428 1391 452 1443 ἦ
487 1395 528 1434 δὲ
564 1393 704 1444 Ἐρατὼ
735 1392 903 1444 πότερον
983 1400 1066 1438 ταῖς
1111 1395 1151 1434 δὲ
1191 1399 1280 1444 περὶ
1327 1409 1410 1434 συν·
1493 1383 1638 1436 Εθαΐὼ
1675 1385 1707 1426 (5
1739 1385 1815 1427 ἀπὸ
1849 1394 1918 1427 τοῦ

429 1449 506 1489 άπὸ
547 1457 616 1490 τοῦ
655 1449 800 1500 ερωτος
839 1454 902 1489 λα-
939 1451 1071 1495 ουσίας
1143 1456 1324 1497 σπουδαῖς
1387 1451 1409 1500 ἡ
1446 1443 1534 1489 ῖθνς
1556 1444 1829 1490 παιδευθέντας
1851 1459 1917 1483 πθ-

427 1512 553 1557 βοῦσα
588 1508 657 1556 τὴν
690 1503 903 1555 ὀνομασίαν
938 1503 1077 1556 Ἐρατὼ
1099 1515 1327 1557 παροῦσακ.
1338 1523 1368 1548 τ.
1379 1513 1411 1547 λ.
1445 1499 1600 1546 θεινθνς
1656 1504 1722 1539 aeaz
1781 1499 1916 1550 {nepo}-

429 1563 499 1612 τὴν
544 1568 634 1613 περὶ
680 1569 757 1604 πᾶν
804 1560 903 1609 εἶδος
937 1575 959 1602 τ,
981 1565 1142 1604 Cornuto
1166 1567 1383 1614 discrepant.
1448 1569 1560 1602 σῖθυς
1583 1554 1798 1596 ἀποτελεῖν.

427 1623 658 1670 φιλοσοφίας
730 1621 902 1670 ἐπιστρο-

428 1675 504 1726 φὴν
526 1677 814 1727 παρίστησιν.

477 1733 675 1780 Πολύμνια
696 1734 735 1772 δέ
754 1732 898 1783 ἐστινὴ
982 1747 1019 1782 p.
1036 1737 1161 1772 743D:
1178 1748 1247 1782 ητε
1260 1735 1409 1782 Πολύμ-
1490 1724 1712 1774 Πολυμνίαν
1764 1721 1799 1765 δ’
1840 1725 1915 1766 ἀπὸ

428 1789 693 1838 πολυύμνητος
727 1788 842 1839 α’ρετὴ
879 1789 901 1840 ἢ
938 1804 999 1828 νια
1023 1790 1105 1828 τὸι
1093 1790 1302 1840 ιστορικόν·
1327 1789 1410 1830 ἔστι
1445 1788 1515 1820 τοῦ
1545 1781 1606 1821 διὰ
1634 1787 1780 1832 πολλῆς
1803 1781 1917 1832 §umi-

425 1850 574 1893 μᾶλλον
589 1844 684 1891 ἴσως
702 1844 903 1895 ἧπολλους
938 1846 1013 1895 γὰρ
1035 1847 1162 1895 μνήμη
1187 1851 1353 1886 πολλῶν.
1447 1852 1545 1883 ‹1st
1577 1838 1775 1887 ἐπιφανεῖς
1804 1854 1916 1878 κατα-

427 1901 604 1949 υμνοῦσα
627 1906 690 1941 καὶ
713 1899 789 1942 ὅσα
812 1905 903 1952 περὶ
1445 1891 1644 1942 σκευάζειν
1660 1909 1750 1940 τους
1765 1895 1825 1934 διὰ
1838 1902 1916 1934 τῶν

428 1965 505 1997 τῶν
584 1959 904 2009 προγενεστέρων
1443 1951 1668 1999 ποιημάτων
1682 1948 1917 1991 άπαθανατι-

426 2012 602 2061 ὑμνεῖται
646 2019 902 2065 παρειληφυῖα
1446 2007 1626 2054 ζομένους
1649 2014 1694 2056 τῇ
1718 2007 1819 2056 δόξῃ,

426 2073 490 2109 καὶ
518 2077 585 2119 τῆς
609 2068 654 2109 ἔκ
675 2085 718 2110 τε
742 2072 903 2120 ποιημά·

427 2141 506 2164 των
548 2130 616 2165 καὶ
659 2133 737 2165 τῶν
775 2125 902 2166 ἄλλων

428 2183 740 2233 συγγραμμάτων
803 2183 902 2223 ἱστο-

428 2243 513 2289 ρίας
527 2239 817 2289 ἐπιμελουμένη.
833 2239 900 2280 Οὕ-
980 2255 1017 2290 p.
1035 2248 1100 2281 746
1113 2244 1162 2280 B:
1200 2242 1267 2281 καὶ
1300 2239 1410 2290 ἡμεῖς
1491 2240 1678 2293 Ου’ρανίαν
1699 2241 1731 2282 δ’
1752 2241 1828 2283 άπὸ
1846 2251 1915 2284 τοῦ

428 2298 542 2347 ρανία
566 2297 605 2336 δέ
635 2296 741 2338 ἐστιν
764 2295 786 2347 ἧ
812 2301 901 2347 περὶ
937 2294 1079 2346 ὁμοίως
1117 2298 1192 2346 μὲν
1237 2302 1409 2346 τιθῶμεν
1443 2298 1533 2345 τούς
1555 2299 1837 2347 παιδευθέντας
1851 2297 1914 2341 ὑπ’

427 2355 476 2393 τὰ
523 2353 686 2403 οὐράνια
732 2356 795 2394 καὶ
834 2354 902 2403 τὴν
938 2354 979 2394 ἐν
1027 2352 1181 2405 οὖρανῷ
1218 2358 1284 2393 καί
1319 2359 1408 2404 περὶ
1443 2353 1559 2404 αὐτῆς
1582 2356 1805 2406 ἐξαίρεσθαι
1819 2357 1916 2407 πρός

427 2417 506 2449 τῶν
540 2408 644 2450 ὅλων
674 2410 791 2460 φύσιν
824 2410 899 2450 ἐπι·
935 2409 984 2450 τά
1015 2408 1175 2461 οὐράνια
1210 2413 1302 2459 μίαν
1331 2418 1409 2450 τῶν
1443 2408 1629 2461 οὐρανόν·

429 2467 550 2516 στήμη
574 2498 584 2507 .
601 2498 610 2507 .
627 2497 637 2506 .
935 2470 1119 2514 Μουσῶν,
1172 2466 1194 2516 ἢ
1244 2466 1408 2518 Οὐρανία

936 2526 1126 2573 φαίνεται.

475 2589 672 2640 Καλλιόπη
686 2589 900 2641 δὲῆκαλλί·
979 2606 1015 2641 p.
1040 2595 1168 2632 usn:
1195 2589 1361 2641 Ἡρώδης
1384 2590 1406 2631 ὁ
1488 2592 1706 2642 Καλλιόπην
1756 2592 1788 2632 δ’
1835 2591 1911 2633 άπὸ

426 2662 556 2697 φωνος
592 2650 657 2687 καὶ
694 2649 902 2698 καλλιεπὴς
936 2648 1068 2698 ῥήτωρ
1096 2645 1296 2694 “άκούετ’,’
1319 2646 1407 2697 ἔφη,
1442 2655 1511 2687 τοῦ
1544 2649 1663 2698 καλὴν
1694 2649 1772 2688 ὅπα
1805 2651 1913 2700 προΐ-

427 2705 625 2754 ῥητορικὴ,
670 2703 718 2742 δι’
754 2702 797 2753 ἧς
835 2709 901 2744 καὶ
934 2703 1045 2752 ὑμεῖς
1078 2705 1116 2744 οὶ
1146 2705 1216 2754 τὴν
1246 2704 1405 2743 Καλλιό-
1442 2709 1574 2748 εσθαι,
1613 2711 1728 2745 τοῦτο
1766 2704 1798 2744 δ’
1830 2705 1912 2746 ἐστὶ

425 2762 693 2800 πολιτεύονται
737 2765 802 2800 καὶ
842 2761 900 2808 δή·
935 2776 1011 2810 πην
1023 2760 1275 2807 α’ποσπῶντες
1286 2758 1406 2810 ἡμῶν,
1440 2767 1486 2809 τῇ
1531 2757 1688 2815 εὐεπείᾳ
1727 2761 1914 2813 διάφορον

425 2832 513 2867 μοις
535 2823 900 2868 προσφωνοῦσιν...
939 2817 1008 2859 συ“ν
1053 2825 1134 2864 τοῖς
1183 2822 1408 2868 βασιλεῦσιν
1442 2815 1562 2858 οὖσαν
1603 2815 1794 2869 ἀποδοχῆς
1827 2834 1911 2870 τυγ-
