2096 3129
1616 224 1666 263 71

298 335 535 386 Apollodori
574 338 720 375 certum
765 336 970 386 vestigium
1007 335 1233 376 Hcfermehl
1271 349 1308 387 p.
1336 337 1388 375 29
1429 335 1518 376 adn.
1539 336 1563 373 7
1605 335 1670 374 de-

186 404 300 443 texit:
329 415 418 441 nam
450 415 535 442 cum
566 403 727 443 Cornuti
755 416 792 454 p.
814 405 878 453 61,
899 405 945 442 11
959 415 1044 454 sqq.
1074 404 1182 443 vocis
1211 402 1430 457 θρίαμβος
1459 403 1671 454 explicatio

186 471 329 522 optime
369 482 453 510 cum
488 470 601 520 Lydo
636 470 685 510 de
720 483 838 513 mens.
878 471 1143 522 (p.1‚5sqq.)
1179 472 1399 511 concineret
1438 474 1476 510 et
1513 472 1672 521 insuper

186 538 391 578 accederet
434 537 560 589 Διαφ.
602 538 688 590 aeg.
728 550 764 588 p.
795 539 888 586 449,
938 539 1125 589 originem
1176 538 1485 589 Apollodoream
1534 542 1670 588 patere

185 605 390 645 intellexit.
446 605 563 644 Illum
599 606 726 644 locum
757 606 1031 645 Cornutianum
1067 606 1145 644 iam
1176 605 1220 647 G.
1241 606 1431 644 Wissowa
1459 607 1528 644 1.l.
1557 618 1594 655 p.
1616 606 1668 644 37

185 672 454 712 similitudines
492 673 650 713 Cornuti
690 675 728 712 et
765 673 950 712 Macrobii
982 673 1172 712 adnotans
1209 684 1295 712 cum
1326 674 1510 713 Macrobii
1539 673 1668 713 Satur-

185 741 377 780 naliorum
411 741 504 781 libri
533 741 551 779 1
591 742 718 791 capite
748 741 841 780 XIX
876 742 935 791 (4)
974 741 1141 781 conferri
1179 742 1308 788 iussit;
1344 742 1457 781 Corn.
1498 754 1535 791 p.
1563 742 1626 789 60,
1644 743 1667 779 9

185 811 310 847 autem
343 820 426 847 cum
457 808 628 848 eiusdem
657 809 794 859 capitis
823 808 1069 860 paragrapho
1098 810 1122 847 2
1153 809 1379 859 congruit.¹)
1426 809 1512 848 Hoc
1541 812 1668 847 antem

185 889 271 916 cum
323 877 412 916 loco
466 876 701 916 Cornutiano
750 876 1021 926 coniungenda
1072 880 1178 925 sunt,
1222 889 1322 926 quae
1365 889 1401 926 p.
1433 877 1497 924 59,
1522 878 1572 914 12
1585 888 1670 926 sqq.

184 945 365 993 leguntur
393 943 456 993 (cf.
486 955 602 994 supra
630 956 666 994 p.
689 944 776 992 41);
805 943 902 982 haec
929 955 1081 994 quoque
1102 944 1372 994 Apollodorea
1393 955 1489 992 esse,
1520 944 1670 982 etiamsi

184 1010 348 1050 fortasse
387 1012 468 1050 eius
506 1012 682 1051 doctrina
717 1013 920 1051 obscurata
950 1015 1025 1060 est,
1064 1012 1249 1062 probatur
1279 1012 1437 1051 Cornuti
1466 1011 1669 1050 Plutarchi

184 1078 378 1117 Eustathii
410 1090 599 1118 consensu
612 1094 620 1118 ε

229 1189 333 1225 Eust.
367 1189 416 1225 ad
450 1189 555 1225 Dion.
591 1190 731 1235 Perieg.
767 1201 802 1225 v.
825 1193 891 1225 700

184 1256 219 1290 p.
237 1248 368 1291 235,13
394 1245 540 1281 Bernh.:
572 1243 612 1281 αὶ
634 1244 674 1283 δὲ
699 1247 891 1282 Διονυσια-

184 1302 246 1338 καὶ
278 1303 450 1349 νεβρῖόες
480 1299 550 1348 τὴν
581 1306 657 1338 τῶν
689 1305 891 1349 σταφυλῶν

186 1355 227 1394 ἐν
249 1355 346 1408 χρόᾳ
370 1355 597 1394 αἰνίττονται
619 1358 868 1395 πολυείδειαν.

228 1651 323 1686 Plut.
347 1662 383 1697 p.
401 1654 466 1687 716
480 1651 534 1687 B.:
562 1646 783 1686 τούναντίον
807 1642 840 1686 δ’
855 1649 892 1687 οἱ

184 1708 339 1743 παλαιοὶ
372 1704 439 1743 τὸν
470 1704 566 1743 θεὸν
594 1702 801 1754 Ἐλευθερᾶ
828 1707 892 1744 καὶ

184 1759 315 1799 λύσιον
340 1760 502 1800 ἐκάλουν
526 1764 587 1809 (cf.
605 1763 708 1800 Corn.
733 1776 769 1810 p.
788 1768 841 1810 58,
854 1765 890 1811 2)

183 1821 247 1855 καὶ
259 1824 443 1866 μαντικῆς
458 1818 601 1866 πολλὴν
614 1816 715 1865 ἔχειν
727 1815 890 1865 ἡγοῦντο

182 1881 332 1923 μοῖραν,
354 1872 400 1912 ού
416 1874 478 1912 διὰ
493 1874 536 1911 τὸ
554 1871 615 1912 ‘vo
633 1874 892 1923 βακχεύσιμον

183 1932 246 1968 καὶ
283 1929 488 1977 μανιῶδες’
523 1927 654 1979 ὥσπερ
691 1927 892 1979 Εὐριπίδης

184 1990 328 2035 (Bacch.
345 2001 380 2026 v.
398 1992 480 2035 298)
513 1985 631 2036 εἶπεν,
655 1984 736 2024 ἀλλ’
761 1983 821 2026 ὅτι
846 1987 889 2024 τὸ

185 2044 444 2093 δουλοπρεπὲς
460 2047 524 2082 καὶ
544 2044 717 2092 περιδεὲς
733 2045 798 2082 καὶ
808 2042 890 2082 ἄπι-

185 2114 279 2138 στον
297 2099 457 2149 ἐξαιρῶν
473 2104 537 2138 καὶ
550 2099 729 2138 ἀπολύων
741 2107 808 2149 τῆς
822 2112 889 2148 ψυ·

181 2163 250 2204 χῆς
266 2157 429 2208 α’ληθείᾳ
445 2157 509 2194 καὶ
521 2159 712 2208 παρρησίᾳ
722 2161 890 2205 χρῆσθαι

183 2212 280 2261 πρὸς
299 2213 485 2261 α’λλήλους
503 2214 662 2252 δίδωσιν.
699 2215 752 2252 cf.
773 2214 889 2251 Strab.

183 2271 218 2306 X
234 2275 264 2317 3,
279 2275 300 2308 9
325 2273 369 2318 (O
383 2275 484 2316 467):
516 2266 584 2309 ὅτε
608 2268 890 2316 ἐνθουσιασμὸς

185 2323 406 2364 ἐπίπνευσίν
441 2341 525 2365 τινα
564 2324 666 2375 ἔχειν
694 2330 799 2365 δοκεῖ
827 2329 889 2364 καὶ

183 2388 238 2433 τῷ
261 2390 428 2435 μαντικῷ
452 2382 686 2432 πλησιάζειν.

1005 1190 1110 1226 Corn.
1135 1201 1170 1235 p.
1188 1192 1316 1235 59,15;
1346 1190 1407 1224 καὶ
1438 1185 1482 1225 τὸ
1507 1187 1579 1233 μὲν
1602 1193 1668 1234 τῆς

962 1243 1126 1292 ἐσθῆτος
1158 1240 1329 1292 ἀνθηρόν
1360 1245 1565 1292 παρίστησι
1598 1242 1667 1291 τὴν

959 1301 1150 1338 ποικιλίαν
1178 1307 1246 1348 τῆς
1275 1298 1440 1348 ὀπώρας.
1486 1314 1522 1348 p.
1539 1305 1666 1347 60‚1t5:

959 1355 1026 1401 τάς
1061 1357 1101 1395 δὲ
1133 1356 1337 1404 παρδάλεις
1367 1354 1667 1404 ὑποζευγνύουσι

960 1419 1013 1464 τῷ
1044 1412 1216 1463 Διονύσῳ
1254 1416 1318 1450 καὶ
1349 1412 1668 1460 παρακολουθού-

960 1483 1029 1513 σας
1060 1468 1280 1516 εἰσάγουσιν
1311 1466 1397 1516 ἤτοι
1429 1468 1490 1506 διά
1518 1468 1561 1506 τὸ
1586 1482 1668 1506 ποι-

959 1527 1067 1563 κίλον
1090 1529 1159 1573 τῆς
1180 1530 1324 1573 χροιᾶς,
1349 1522 1400 1568 ὡς
1422 1528 1487 1563 καὶ
1512 1526 1668 1574 νεβρίδα

960 1579 1076 1625 αὐτός
1093 1595 1135 1619 τε
1151 1587 1355 1629 περιῆπται
1372 1581 1438 1619 καὶ
1454 1581 1494 1619 αἶ
1510 1581 1668 1629 Βάκχαι.

1005 1662 1039 1696 p.
1058 1653 1184 1697 59,17:
1208 1645 1229 1695 ἧ
1255 1644 1287 1686 ‹5‘
1310 1648 1351 1686 ἐν
1374 1654 1455 1693 τοῖς
1477 1651 1670 1694 πλείστοις

961 1711 1037 1743 τῶν
1085 1702 1321 1751 πλασμάτων
1367 1705 1555 1753 γυμνότης
1600 1705 1667 1743 τόν

959 1760 1062 1811 παρά
1120 1761 1208 1806 τοὺς
1265 1761 1407 1805 πότους
1464 1761 1667 1810 γινόμενον

960 1817 1239 1865 άπαμφιασμὸν
1270 1823 1339 1856 τοῦ
1370 1816 1533 1866 τρόπου,
1565 1818 1665 1856 καθὸ

959 1878 1066 1912 δοκεῖ
1090 1877 1156 1912 καὶ
1185 1872 1230 1911 τό
1254 1871 1373 1918 (οἶνος
1396 1875 1461 1912 καὶ
1484 1872 1667 1922 άλήθεια’

960 1931 1151 1979 εἰρῆσθαι,
1176 1930 1272 1977 τάχα
1288 1929 1347 1967 διὰ
1365 1936 1479 1969 τοῦτο
1496 1934 1560 1968 καὶ
1575 1945 1666 1976 μαν-

959 1994 1042 2025 τεῖα
1089 1985 1172 2025 ἔσθ’
1219 1984 1317 2025 ὅπου
1365 1993 1433 2026 τοῦ
1479 1986 1665 2025 Διονύσου

960 2042 1125 2092 ἔχοντος.

296 2502 458 2542 Videtur
473 2502 739 2553 Apollodorus
760 2502 861 2542 hanc
880 2502 1236 2552 interpretationem
1257 2514 1280 2539 a
1300 2499 1532 2539 Philochoro
1558 2511 1665 2538 rece-

182 2568 298 2617 pisse,
327 2571 394 2618 qui
422 2570 526 2620 quod
553 2570 627 2609 hac
658 2570 706 2608 de
735 2582 777 2609 re
807 2569 991 2609 censebat
1019 2569 1122 2619 apud
1151 2569 1396 2607 Athenaeum
1425 2580 1462 2616 p.
1479 2568 1564 2605 37e
1579 2578 1662 2615 sqq.

184 2638 377 2675 servatum
412 2640 481 2676 est.
529 2636 767 2687 Quamquam
804 2637 934 2687 ampla
961 2637 1068 2675 illius
1098 2635 1305 2686 disputatio
1335 2635 1568 2674 verbotenus
1599 2645 1663 2672 ex·

297 2789 325 2834 ¹)
356 2790 508 2828 Oeteros
546 2791 651 2829 locos
692 2791 859 2829 consulto
895 2791 1040 2838 omitto,
1082 2801 1163 2827 cum
1198 2800 1321 2826 eorum
1356 2788 1554 2825 similitudo
1590 2799 1663 2825 non

183 2848 282 2881 tanta
303 2847 359 2882 sit.
