2096 3129
1618 179 1668 217 17

300 307 338 343 p.
361 295 424 341 62,
441 294 549 332 5-7
580 292 751 345 πέφυκε
782 291 827 333 δὲ
853 292 927 332 καὶ
948 289 1164 344 σφάλλειν
1183 289 1238 332 τὰ
1261 289 1433 344 δένδρα,
1464 285 1671 344 άνέρπων

192 355 246 404 δι’
288 353 438 403 αὐτῶν
482 360 555 402 καὶ
599 357 972 414 περιπλεκόμενος
1015 356 1268 413 βιαιότερον
1310 366 1404 408 τοῖς
1447 357 1669 413 πρέμνοις.

189 430 349 469 Cornuti
391 430 512 479 ipsius
555 442 707 467 manum
752 440 920 478 agnosco
965 429 1003 465 in
1042 439 1113 466 usu
1152 428 1261 466 verbi
1300 425 1558 478 πεφυκέναι.
1626 426 1671 464 Id

189 501 317 537 autem
346 500 480 537 auctor
508 497 582 537 hoc
612 498 811 537 enuntiato
841 499 1017 547 spectare
1046 496 1210 546 videtur,
1244 499 1287 535 ut
1316 508 1431 545 quam
1460 496 1594 534 similis
1624 496 1672 534 sit

188 564 335 604 hedera
374 565 458 613 viti,
496 565 671 615 pluribus
710 566 900 614 exponat:
939 576 1028 602 nam
1067 567 1109 602 ut
1147 564 1321 613 pampini
1359 563 1515 602 arbores
1555 565 1593 601 et
1631 563 1671 600 in

186 633 318 683 primis
347 633 472 672 ulmos
502 644 812 683 quoquovorsum
834 634 1032 682 serpentes
1054 633 1223 681 cingunt,
1252 632 1306 670 ita
1325 631 1473 671 hedera
1492 631 1671 670 arborum

188 711 315 738 ramos
344 700 622 750 circumplicat.

300 779 338 818 p.
358 768 422 817 63,
442 768 547 806 1-2
578 766 652 808 καὶ
672 760 984 821 ἀπεριγένητος
1004 760 1128 817 οὖσα,
1159 779 1197 817 p.
1218 768 1283 815 63,
1304 767 1467 805 14-18
1489 775 1671 819 στρατη-

189 828 272 888 γὸν
300 831 383 888 γὰρ
419 832 558 876 αὐτὸν
587 829 761 888 ἀγαθὸν
792 830 1033 887 γενόμενον
1063 832 1138 874 καὶ
1171 831 1321 875 πολλὰ
1348 832 1456 887 μέρη
1484 833 1564 886 τῆς
1593 832 1673 886 γῆς

189 899 300 955 μετὰ
339 897 566 955 δυνάμεως
600 898 855 943 ἐπελθόντα
885 895 965 955 οὐχ
995 895 1094 943 οἷόν
1123 915 1170 942 τε
1200 898 1371 955 γυμνὸν
1401 897 1524 953 ἔδοξε
1552 913 1673 954 περι-

190 969 474 1024 εληλυθέναι,
510 966 631 1024 ξύλῳ
665 965 806 1023 μόνον
837 966 1131 1023 ὡπλισμένον,
1175 967 1285 1010 ἀλλὰ
1322 975 1416 1017 τοῖς
1446 966 1673 1024 ἐπισήμοις

190 1039 275 1079 τοῦ
313 1038 426 1080 θεοῖ
459 1034 568 1092 μετὰ
602 1035 686 1079 τὸν
726 1032 1098 1092 ἀπαθανατισμὸν
1136 1034 1247 1091 ὑπὲρ
1286 1038 1380 1079 τῶν
1419 1030 1673 1091 εὐεργετου-

188 1104 336 1159 μένων
364 1106 680 1161 κεκοσμῆσθαι,
710 1119 746 1156 p.
769 1107 833 1154 64,
850 1107 960 1144 2-3
991 1101 1297 1160 στρατηλάτην
1320 1100 1358 1146 δ’
1374 1100 1460 1146 ούκ
1481 1100 1673 1158 εὔλογον

189 1170 411 1221 τοιούτοις
445 1166 603 1221 ὅπλοις
641 1170 898 1214 πεποιθότα
938 1171 999 1222 εἰς
1036 1169 1115 1222 τὰς
1151 1169 1417 1225 παρατάξεις
1455 1165 1672 1213 ἀπαντᾶν.

190 1242 321 1280 Uncos
359 1243 400 1279 in
440 1243 582 1291 capite,
622 1253 698 1290 quo
737 1242 785 1279 de
816 1242 986 1280 Hercule
1026 1243 1169 1290 agitur,
1210 1242 1258 1279 ab
1295 1242 1443 1280 editore
1479 1241 1674 1279 adhibitos

190 1308 388 1348 tollendos
428 1320 530 1356 esse,
570 1308 689 1357 quod,
729 1310 761 1346 si
800 1308 891 1358 quid
927 1309 1094 1356 deesset,
1133 1311 1216 1347 tota
1244 1309 1487 1347 ratiocinatio
1517 1308 1675 1347 Cornuti

191 1388 330 1414 manca
360 1379 462 1415 esset
490 1388 615 1425 neque
645 1377 950 1425 intellegeretur,
985 1377 1031 1415 U.
1063 1376 1110 1415 de
1131 1377 1389 1415 Wilamowitz
1418 1377 1445 1414 l.
1475 1378 1503 1414 1.
1534 1376 1674 1415 docuit.

191 1444 324 1482 Virum
363 1454 547 1481 summum
587 1445 694 1482 recte
732 1443 949 1493 disputasse
989 1454 1092 1482 nunc
1131 1443 1210 1481 alia
1248 1455 1269 1482 e
1308 1446 1419 1493 parte
1448 1445 1541 1493 puto
1572 1455 1674 1482 com-

190 1511 357 1560 probari.
415 1512 514 1550 Nam
552 1511 593 1549 in
630 1511 688 1560 iis,
728 1523 825 1560 quae
854 1523 891 1561 p.
914 1511 978 1559 64,
995 1513 1019 1549 2
1048 1512 1241 1560 leguntur,
1271 1523 1387 1550 voees
1416 1511 1675 1551 Cornutianae

191 1579 321 1616 insunt
349 1577 444 1616 hae:
475 1571 662 1631 εὔλογον
681 1577 874 1628 (codicum
893 1578 1011 1616 lectio
1032 1578 1234 1617 retinenda
1253 1580 1339 1628 est),
1368 1578 1471 1627 quod
1500 1590 1537 1628 p.
1558 1580 1595 1628 2,
1614 1579 1675 1617 16.

193 1647 263 1693 39,
289 1647 339 1684 16
385 1647 549 1684 recurrit
589 1645 660 1694 (cf.
696 1639 1006 1698 εὐλογώτερον
1039 1658 1075 1695 p.
1105 1647 1281 1696 18,11),
1324 1641 1588 1698 παρατάξεις
1627 1646 1675 1685 cf.

192 1725 307 1763 supra
335 1725 373 1763 p.
391 1714 452 1751 10.
503 1713 648 1763 Capitis
677 1713 825 1751 initium
855 1715 982 1752 autem
1012 1713 1057 1752 U.
1085 1712 1133 1752 de
1154 1713 1412 1752 Wilamowitz
1441 1716 1481 1752 et
1508 1714 1675 1752 Ioannes

192 1780 241 1819 ab
271 1781 410 1820 Arnim
441 1781 540 1830 (Vet.
571 1781 684 1820 Stoic.
714 1780 759 1819 fr.
778 1781 798 1819 I
815 1780 912 1830 514)
951 1780 1125 1819 diversas
1154 1780 1238 1819 vias
1276 1780 1440 1830 ingressi
1474 1781 1675 1820 restituere

193 1849 321 1887 conati
366 1851 464 1887 sunt.
535 1849 581 1889 U.
621 1848 669 1886 de
699 1848 955 1886 Wilamowitz
1000 1848 1101 1886 enim
1146 1847 1279 1886 scribit
1319 1843 1507 1900 κραταιά
1544 1845 1677 1897 ἐστιν,

193 1908 504 1970 άπεριγένητος
540 1909 606 1956 ὢν
640 1913 714 1956 καὶ
748 1910 1039 1969 μεταδοτικὸς
1074 1910 1221 1968 ἰσχύος
1255 1921 1349 1964 τοῖς
1385 1911 1499 1956 κατὰ
1523 1914 1676 1969 μέρος;

191 1984 358 2022 Ioannes
392 1983 442 2022 ab
471 1983 610 2022 Arnim
645 1982 757 2022 codd.
788 1984 810 2021 b
831 1994 850 2021 c
883 1982 1091 2022 lectionem
1125 1983 1283 2033 recepit.
1340 1983 1536 2022 Praebent
1564 1983 1676 2022 codd.

193 2063 280 2100 gen.
312 2063 356 2089 a:
397 2045 584 2103 κραταιά
623 2048 742 2091 ἐστιν
778 2048 852 2090 καὶ
888 2043 1204 2103 άπεριγένητος
1239 2039 1350 2091 οὖσα
1390 2046 1678 2103 μεταδοτικὸς

194 2114 341 2172 ἰσχύος
373 2116 447 2174 καὶ
479 2150 487 2159 .
511 2151 519 2159 .
543 2151 552 2161 .
587 2118 608 2158 b
625 2130 659 2158 c:
690 2113 879 2172 κραταιά
899 2114 1019 2160 ἐστιν
1040 2108 1250 2174 ἀνίκητος
1268 2116 1343 2160 καὶ
1365 2116 1677 2174 α’περιγένητος

194 2177 318 2227 οὖσα.
378 2188 424 2226 U.
455 2187 503 2226 de
529 2188 787 2225 Wilamowitz
824 2179 1031 2241 ἀνίκητος
1069 2185 1143 2226 καὶ
1180 2185 1494 2241 α’περιγένητος
1535 2176 1676 2237 (οὖσα)

193 2254 295 2294 falso
334 2254 384 2294 ad
415 2266 548 2295 vocem
580 2251 722 2307 φύσις,
759 2267 859 2305 quae
887 2256 1098 2306 praecedit,
1127 2255 1263 2296 referri
1292 2255 1443 2295 adiecto
1472 2256 1677 2306 participio

196 2315 307 2362 οὖσα
345 2324 558 2373 perspexit,
599 2335 718 2372 quare
757 2316 868 2364 οὖσα
896 2326 1058 2363 mutavit
1086 2326 1127 2363 in
1155 2318 1231 2365 ὤν.
1290 2325 1423 2362 Malim
1452 2324 1493 2362 id
1522 2325 1677 2362 omnino

194 2388 328 2440 deleri,
357 2403 446 2429 nam
475 2390 668 2430 adiectiva
697 2383 903 2446 ἀνίκητος
934 2387 1247 2447 ἄπεριγένητος
1274 2386 1563 2445 μεταδοτικός
1591 2404 1677 2431 cum

194 2458 398 2508 participio
444 2450 660 2512 ὑπάρχων
705 2459 812 2509 iungi
851 2462 1011 2509 possunt
1045 2460 1110 2509 (cf.
1139 2472 1176 2510 p.
1198 2461 1262 2508 21,
1279 2461 1331 2509 7).
1395 2460 1514 2498 Recte
1552 2460 1599 2499 U.
1629 2459 1679 2498 de

194 2525 450 2565 Wilamowitz
485 2525 561 2567 καί
596 2539 632 2566 v.
659 2528 685 2565 2
722 2530 812 2566 ante
845 2524 1133 2579 μεταδοτικός
1166 2528 1414 2578 transposuit.
1470 2519 1680 2581 ἀνίκητος

195 2596 338 2643 autem,
378 2594 483 2643 quod
523 2596 700 2643 extrusit,
739 2595 889 2634 etiamsi
922 2596 965 2633 in
999 2595 1197 2635 codicibus
1228 2607 1253 2634 a
1281 2607 1359 2634 non
1387 2595 1548 2645 legitur,
1588 2597 1678 2635 reti-

194 2662 363 2701 nuerim:
402 2674 493 2700 nam
532 2674 597 2712 eo,
639 2662 742 2713 quod
781 2664 823 2702 in
861 2662 1059 2703 codicibus
1099 2676 1125 2703 a
1162 2666 1250 2715 post
1288 2659 1407 2704 ἐστιν
1437 2666 1564 2703 exstat
1591 2661 1679 2714 καί,

195 2731 358 2771 indicari
395 2730 547 2770 videtur
582 2731 730 2781 aliquid
769 2732 980 2779 excidisse;
1019 2732 1264 2772 scribendum
1298 2733 1416 2782 igitur
1449 2735 1543 2782 puto
1575 2744 1677 2771 esse:

196 2797 302 2840 καθ’
330 2789 384 2839 ὃν
417 2794 444 2853 ἡ
481 2794 612 2850 φύσις
652 2795 805 2853 ἰσχυρὰ
845 2798 920 2840 καὶ
959 2797 1146 2855 κραταιά
1185 2796 1317 2849 ἐστιν,
1358 2791 1565 2855 ἀνίκητος
1604 2797 1676 2839 καὶ

263 2877 341 2904 mss.
360 2875 430 2903 Ηιι.
458 2874 578 2908 xx1‚1.
1455 2880 1476 2913 2
