2096 3129
1692 156 1746 195 45

265 276 522 327 comparavit,
565 275 715 315 firmata
758 278 826 315 est.
892 275 1007 315 Alios
1050 286 1205 324 quoqne
1247 274 1356 313 locos
1400 272 1655 313 Cornutianos
1699 271 1750 310 ad

264 344 499 396 Apollodori
543 356 639 394 opus
681 343 905 383 referendos
949 354 1034 382 esse
1073 341 1301 381 Hefermehl
1343 341 1490 391 aliique
1529 341 1603 379 viri
1646 340 1751 379 docti

265 413 474 453 evicerunt.
518 412 681 451 Videtur
700 415 878 452 constare
898 412 1026 451 omnia
1044 410 1137 459 fere,
1162 422 1262 460 quae
1282 410 1474 450 Cornutus
1500 408 1548 448 de
1566 409 1749 459 Neptuno

265 480 313 520 de
342 481 450 520 Pane
479 479 528 519 de
556 480 743 530 Apolline
774 479 822 519 de
842 478 1083 529 Aesculapio
1109 477 1158 518 de
1178 478 1307 516 Diana
1328 476 1487 528 profert,
1517 488 1566 516 ex
1584 477 1750 527 Apollo-

265 548 349 587 dori
388 547 563 587 doctrina
598 547 779 597 pendere.
838 546 915 586 Sed
950 547 1085 585 iuvare
1112 548 1205 596 puto
1235 545 1516 595 Apollodorea,
1550 556 1651 594 quae
1680 556 1751 594 per

263 617 384 654 totum
412 614 494 654 fere
523 614 702 653 libellum
721 614 881 654 Cornuti
910 613 1086 663 dispersa
1115 624 1200 652 esse
1223 623 1450 663 persuasum
1474 611 1612 660 habeo,
1637 623 1749 651 accu—

267 683 387 721 ratius
415 683 598 733 persequi
627 685 666 721 et
695 684 879 731 quantum
898 680 981 720 fieri
999 683 1137 731 potest,
1167 681 1215 720 ab
1234 681 1292 729 iis,
1312 692 1412 730 quae
1431 680 1522 719 aliis
1542 692 1563 719 e
1584 679 1752 719 fontibus

265 750 404 789 hausta
432 749 613 789 videntur
642 761 737 798 esse,
767 749 1013 799 distinguere.

379 874 473 913 Cum
511 875 553 912 in
591 873 849 924 componendi
882 875 1083 921 rationem,
1119 885 1233 923 quam
1263 873 1453 913 Cornutus
1481 873 1665 923 sequitur,
1693 873 1750 911 in-

268 942 427 992 quisivi,
471 942 564 981 satis
609 943 714 981 clare
756 943 953 992 apparuit,
996 942 1093 981 mira
1136 941 1304 991 quadam
1348 953 1433 980 cum
1461 941 1673 992 ¹aequitate
1714 944 1753 980 et

268 1010 486 1048 constantia
523 1010 565 1047 in
599 1009 758 1048 deorum
788 1009 1058 1059 cognominum
1086 1009 1445 1059 interpretationem
1472 1010 1639 1048 insertas
1667 1020 1752 1047 esse

268 1089 333 1117 eas
356 1080 499 1128 partes,
526 1077 664 1127 quibus
682 1079 853 1116 rationes
873 1077 1031 1117 deorum
1050 1078 1259 1127 imaginum
1279 1080 1319 1116 et
1336 1078 1554 1126 insignium,
1579 1077 1751 1117 arbusto-

267 1158 350 1184 rum
388 1148 426 1184 et
462 1146 695 1194 animalium,
732 1157 832 1195 quae
861 1157 972 1185 sacra
1000 1145 1209 1185 creduntur
1238 1157 1335 1194 esse,
1369 1145 1583 1184 venerandi
1611 1157 1756 1195 genera

267 1214 484 1263 similiaque
514 1214 778 1264 explicantur3
819 1226 867 1253 ex
902 1213 962 1252 his
997 1225 1063 1253 eas
1093 1213 1384 1264 disputationes,
1426 1214 1565 1263 quibus
1594 1213 1752 1253 deorum

269 1292 380 1320 sacra
418 1282 744 1331 perstringuntur,
782 1282 849 1320 vel
878 1293 899 1319 e
929 1281 1179 1320 similitudine
1218 1292 1366 1329 eorum,
1401 1293 1500 1330 quae
1530 1280 1753 1320 Eustathius

268 1348 329 1387 his
360 1348 408 1387 de
437 1348 552 1387 rebus
582 1348 746 1395 disserit,
776 1360 825 1386 ex
845 1348 1079 1398 Apollodori
1108 1360 1225 1398 opere
1255 1351 1459 1398 excerptas
1488 1359 1573 1387 esse
1592 1351 1754 1396 constat.

270 1416 450 1465 quoniam
490 1415 587 1454 haec
616 1415 872 1454 Eustathiana
906 1428 929 1454 a
958 1416 1154 1454 Mfinzelio
1182 1427 1221 1465 p.
1243 1416 1296 1454 30
1311 1427 1413 1465 sqq„
1449 1416 1511 1455 cui
1539 1415 1755 1455 Reinhardt

269 1495 307 1533 p.
336 1483 414 1522 115
436 1495 492 1533 sq.
531 1484 752 1532 assentitur,
790 1487 896 1523 recte
933 1485 995 1522 illi
1035 1483 1231 1533 adscripta
1269 1486 1368 1523 sunt.
1379 1483 1409 1534 1)
1466 1483 1574 1531 Quae
1608 1496 1701 1523 vero
1731 1497 1755 1523 a

386 1603 413 1649 ¹)
437 1603 684 1649 Praemature,
714 1606 756 1640 ut
779 1603 864 1640 mihi
888 1603 1033 1649 quidem
1057 1604 1212 1650 videtur,
1242 1604 1442 1641 Reinhardt
1464 1604 1532 1640 hac
1555 1615 1603 1641 ex
1625 1605 1754 1642 Eusta-

269 1659 390 1695 thiana
425 1659 670 1705 disputatione
706 1660 854 1705 collegit
888 1660 934 1696 ab
966 1660 1194 1705 Apollodoro
1228 1660 1284 1696 his
1319 1660 1366 1696 de
1397 1661 1507 1696 rebus
1538 1662 1760 1697 coniunctim·

272 1715 468 1751 dissertum
492 1725 584 1761 esse,
608 1726 680 1751 non
702 1716 739 1751 in
761 1716 805 1752 iis
827 1716 939 1762 libris,
964 1716 1026 1762 qui
1049 1716 1201 1762 singulis
1217 1717 1274 1753 dis
1287 1717 1567 1762 interpretandis
1583 1717 1756 1754 destinati

268 1769 432 1807 fuissent.
491 1772 587 1807 Huic
631 1775 830 1817 perpetuae
865 1773 1163 1818 argumentationi
1196 1773 1371 1809 adscribit
1404 1773 1518 1809 schol.
1552 1774 1623 1819 Ap.
1648 1774 1716 1810 Rh.
1739 1775 1756 1809 I

269 1839 304 1862 v.
323 1830 411 1863 1124
435 1828 497 1872 (=
511 1827 554 1863 fr.
571 1829 625 1872 4):
660 1824 682 1872 ἦ
714 1825 789 1874 γάρ
820 1830 907 1875 δρῦς
932 1825 1018 1874 ἱεροὶ
1041 1833 1107 1874 τῆς
1128 1824 1235 1872 Ῥέας,
1268 1823 1319 1871 ὥς
1342 1840 1458 1874 φησιν
1477 1826 1758 1875 Ἀπολλόδωρος

271 1881 313 1920 ἐν
342 1883 458 1932 τρίτῳ
490 1882 580 1930 περὶ
611 1885 734 1930 θεῶν;
767 1894 848 1920 nam
880 1895 900 1921 e
931 1885 1124 1931 Porphyrii
1146 1883 1235 1931 περὶ
1259 1878 1491 1930 ἀγαλμάτων
1515 1897 1626 1932 opere
1649 1887 1757 1924 valde

270 1940 463 1976 verisimile
502 1951 582 1977 esse
620 1944 746 1977 censet
784 1941 1050 1987 Apollodorum
1089 1942 1137 1978 de
1181 1941 1311 1978 Cerere
1349 1942 1566 1989 Proserpina
1603 1944 1758 1980 Plutone

270 1995 448 2033 Themide
471 1997 614 2043 ceteris,
639 1997 702 2043 qui
725 1997 886 2034 habitare
908 1998 947 2033 in
963 2001 1060 2034 terra
1076 1998 1316 2044 crederentur,
1333 1999 1390 2035 dis
1406 1999 1621 2036 coniunctim
1637 2003 1757 2046 atque,

271 2056 312 2089 ut
343 2063 364 2090 e
395 2053 607 2099 fragmentis
643 2057 802 2100 constet,
839 2054 876 2090 in
905 2054 1169 2100 posterioribus
1200 2055 1320 2101 operis
1349 2056 1513 2101 partibus
1543 2056 1758 2103 explicasse,

272 2119 345 2153 qua
374 2120 414 2145 re
443 2120 516 2145 non
545 2110 736 2155 propabile
766 2111 815 2146 sit
844 2111 998 2155 Ehem,
1030 2122 1122 2157 quae
1152 2112 1232 2157 ipsa
1260 2115 1357 2148 terra
1388 2113 1527 2148 credita
1555 2114 1618 2158 sit,
1649 2114 1757 2149 tertio

277 2164 371 2201 libro
394 2169 648 2211 pertractatam
672 2165 797 2202 fuisse.
836 2166 909 2203 Sed
933 2178 953 2203 e
974 2168 1165 2214 Porphyrii
1189 2169 1382 2214 excerptis,
1406 2170 1590 2214 quomodo
1606 2169 1758 2215 Apollo-

273 2221 354 2256 dori
389 2232 481 2267 opus
517 2223 738 2268 descriptum
772 2222 896 2266 fuerit,
938 2224 1119 2260 enucleari
1152 2225 1296 2270 nequit,
1336 2235 1456 2270 neque
1490 2236 1579 2261 vero
1618 2236 1664 2262 ex
1698 2227 1760 2262 illa

271 2277 512 2315 Eustathiana
544 2279 768 2316 enarratione
790 2279 830 2315 id
853 2279 948 2316 effici
970 2284 1111 2327 potest,
1141 2281 1241 2327 quod
1263 2281 1466 2318 Reinhardt
1487 2282 1578 2318 vult.
1616 2283 1758 2319 Etenim

273 2333 371 2370 illam
395 2335 674 2380 explicationum
697 2337 826 2372 seriem
850 2337 882 2373 si
903 2348 976 2373 non
990 2338 1202 2374 Eustathius
1216 2338 1296 2384 ipse
1312 2342 1350 2374 at
1365 2341 1463 2374 certe
1480 2339 1558 2375 eius
1573 2340 1760 2384 proximus

273 2393 400 2426 auctor
422 2390 568 2427 videtur
592 2392 796 2429 confecisse
820 2403 865 2430 eo
890 2394 1051 2439 consilio,
1075 2397 1116 2430 ut
1137 2395 1229 2430 ratio
1254 2405 1311 2441 ea,
1337 2405 1408 2440 qua
1431 2395 1637 2441 expediret,
1661 2396 1761 2442 quod

272 2446 455 2483 Minervae
485 2447 584 2484 ulula
614 2459 717 2485 sacra
748 2453 862 2495 esset,
898 2450 976 2486 aliis
1007 2451 1184 2487 similibus
1217 2452 1394 2497 exemplis
1424 2451 1682 2489 illustraretur:
1713 2452 1760 2488 cf.

273 2503 415 2539 Miinzel
437 2515 472 2550 p.
492 2507 553 2540 33:
586 2506 672 2546 Καὶ,
701 2501 764 2542 ἵνα
787 2503 841 2553 μή
865 2508 1020 2550 πολλοῖς
1044 2503 1192 2553 ὁμοίοις
1222 2504 1443 2551 ἐπεξιόντες
1466 2506 1628 2556 περιττὰ
1654 2521 1759 2555 σοφι-

275 2557 444 2605 ζώμεθα,
480 2556 582 2597 οὕτω
606 2564 668 2598 καὶ
693 2558 715 2608 ἦ
740 2565 860 2609 γλαῦξ
884 2561 1030 2600 οἰκεῖον
1053 2568 1098 2610 τῇ
1123 2558 1310 2611 ἅθρητικῇ
1331 2560 1466 2615 Ἀθηνᾷ
1489 2562 1550 2601 διὰ
1575 2563 1643 2612 τὴν
1663 2563 1761 2612 πρὸς

272 2614 316 2653 τὸ
354 2610 488 2664 ἀθρεῖν
518 2622 588 2655 τοῦ
621 2617 828 2665 γλαύσσειν
859 2616 1083 2667 ταύτότητα.
1134 2622 1176 2658 In
1208 2626 1368 2659 extremo
1393 2633 1481 2660 vero
1505 2623 1761 2669 disputationis

273 2673 486 2710 Eustathius
509 2674 556 2711 ad
571 2676 768 2713 Minervam
790 2678 1000 2714 revertitur:
1024 2680 1089 2714 καὶ
1114 2673 1250 2729 Ἀθηνᾷ
1275 2678 1315 2716 δὲ
1340 2675 1488 2726 δράκων
1512 2676 1671 2726 ἱέρωται,
1697 2675 1759 2715 ἵνα

274 2725 370 2766 ὅθεν
395 2726 442 2766 vo?
466 2734 532 2776 τῆς
557 2725 672 2778 ἀρχῆς
697 2730 778 2769 ἐκεῖ
798 2732 988 2780 καταλήξῃ
1014 2730 1034 2770 ὃ
1059 2731 1175 2781 λόγος
1198 2730 1298 2782 ἡμῖν,
1323 2733 1383 2772 διὰ
1407 2733 1476 2772 τὸν
1500 2732 1616 2772 αὐτὸν
1632 2733 1761 2782 λόγον.

273 2787 437 2823 Diversis
468 2790 588 2823 autem
611 2787 832 2834 Apollodori
856 2791 978 2836 operis
1002 2802 1022 2827 e
1047 2791 1230 2839 partibus,
1262 2803 1354 2838 quae
1378 2793 1589 2829 Eustathius
1612 2793 1762 2838 profert,
