2096 3129
407 166 432 203 2

407 277 527 317 simili
567 277 814 318 coniectandi
851 278 916 317 via
953 279 1130 329 repertus
1171 289 1256 318 esse
1290 282 1430 330 potest.
1477 281 1621 320 Verum
1649 282 1778 320 tamen
1807 285 1897 319 con-

405 344 517 385 fiteor
555 345 658 384 hanc
697 346 988 396 inscriptionem
1027 346 1212 384 maiorem
1251 348 1492 387 auctoritatis
1525 349 1694 398 speciem
1727 358 1821 397 prae
1855 356 1897 384 se

405 412 509 452 ferre
538 415 655 463 atque
685 425 764 462 eas,
794 424 892 464 quas
922 411 1077 452 codices
1105 412 1309 463 praebent.
1349 415 1489 465 Neque
1518 416 1619 454 enim
1648 414 1743 465 quid
1767 413 1898 452 valeat

406 475 523 521 κατὰ
541 476 626 536 τὴν
643 476 903 535 Ἑλληνικὴν
923 478 1124 533 θεωρίαν
1142 481 1323 530 intellegi
1341 485 1486 531 potest;
1515 482 1680 522 fortasse
1699 478 1898 534 θεωρίαν

407 561 430 587 a
458 548 609 587 librarii
639 548 840 588 cuiusdam
870 547 1009 588 mendo
1038 547 1292 598 repetendum
1323 552 1382 588 est
1401 553 1478 598 aut,
1507 550 1611 600 quod
1630 549 1724 589 mihi
1742 547 1898 599 quidem

406 616 491 654 veri
529 616 690 654 similius
729 614 883 654 videtur
921 626 1022 664 esse,
1062 626 1084 654 e
1126 614 1303 654 codicum
1343 617 1479 656 classis
1514 618 1537 655 b
1571 616 1819 667 inscriptione
1855 615 1897 653 in

406 683 571 720 alteram
600 682 774 732 inrepsit.
818 682 1029 720 Probabile
1058 693 1139 720 non
1168 684 1226 721 est
1254 694 1391 721 vocem
1422 678 1638 738 ἐπιδρομή
1657 694 1736 722 non
1754 683 1897 721 usitata

406 751 565 789 notione
596 750 737 789 dictam
766 750 996 790 recentioris
1025 751 1113 789 aevi
1141 751 1326 800 magistro
1347 751 1499 790 cuidam
1519 752 1643 791 sciolo
1663 754 1729 790 aut
1747 750 1897 790 scribae

405 817 549 856 deberi.
605 817 671 856 Ad
711 818 841 856 libelli
879 820 1146 866 argumentum
1181 817 1244 856 hic
1279 818 1415 856 titulus
1444 819 1663 868 aptissimus
1693 821 1769 858 est:
1807 829 1896 855 nam

404 895 502 923 voce
531 878 749 939 ἐπιδρομή
777 883 1017 934 significatur
1050 884 1217 933 „subita,
1246 884 1521 935 compendiosa
1549 886 1606 924 rei
1633 884 1833 925 tractatio“
1847 884 1916 933 3¹)·

403 951 511 989 cuius
540 952 649 989 vocis
680 950 844 990 eundem
873 963 985 990 usum
1015 952 1096 989 alio
1124 952 1304 1001 exemplo
1323 951 1497 1001 Langius
1517 952 1640 1001 praef.
1659 965 1696 1002 p.
1713 952 1749 990 X
1776 951 1895 989 fulsit.

402 1017 600 1068 Diogenes
638 1017 818 1057 Laertius
860 1018 962 1057 enim
1002 1018 1096 1057 citat
1134 1018 1276 1057 librum
1315 1018 1467 1057 Dioclis
1506 1019 1697 1068 Magnetis
1736 1019 1802 1068 qui
1838 1018 1896 1055 in-

402 1085 583 1124 scribitur
620 1080 835 1139 ἐπιδρομῆ
875 1085 972 1126 τῶν
1011 1081 1290 1137 φιλοσόφων,
1329 1097 1443 1135 quem
1482 1087 1637 1125 titulum
1675 1086 1896 1125 Fridericus

400 1152 608 1192 Nietzsche
617 1153 650 1203 2)
689 1153 812 1192 latine
847 1155 963 1193 vertit
1002 1153 1343 1204 „philosophorum
1377 1154 1625 1204 percursio“;
1661 1153 1826 1193 eundem
1854 1152 1895 1190 in

402 1221 556 1260 modum
590 1221 632 1259 in
666 1221 807 1260 libello
837 1221 1074 1261 Cornutiano
1110 1221 1308 1271 theologia
1337 1221 1488 1260 Graeca
1516 1222 1763 1271 percurritur.
1821 1221 1896 1259 Dei

403 1289 505 1327 enim
535 1301 559 1327 a
586 1288 753 1328 Saturno
789 1291 829 1328 et
857 1288 968 1328 Rhea
997 1290 1173 1339 generati
1202 1288 1252 1328 ad
1282 1289 1415 1328 mundi
1445 1290 1639 1328 elementa
1667 1288 1896 1337 referuntur,

402 1356 599 1395 adduntur
629 1357 741 1396 Caeli
771 1356 1004 1406 Saturnique
1038 1356 1213 1404 fabulae;
1254 1356 1394 1395 dehinc
1425 1356 1473 1395 de
1502 1357 1596 1395 Iove
1635 1356 1683 1394 de
1719 1356 1815 1394 Fato
1846 1355 1895 1393 de

403 1424 522 1463 Musis
558 1423 606 1462 de
637 1423 780 1463 Gratiis
818 1423 867 1463 de
895 1425 1088 1463 Mercurio
1124 1424 1269 1473 agitur,
1309 1423 1524 1462 interiectis
1553 1423 1773 1462 fabularum
1802 1434 1894 1472 qua—

402 1491 579 1540 rundam,
616 1503 718 1541 quae
752 1491 856 1541 apud
885 1492 1096 1530 Homerum
1126 1490 1348 1539 occurrunt,
1376 1491 1695 1541 interpretatione
1725 1492 1763 1529 et
1793 1501 1894 1529 com-

403 1559 581 1598 mentarii
629 1558 814 1598 Hesiodei
859 1558 1026 1598 frustulo
1066 1559 1224 1598 numina
1264 1559 1364 1598 belli
1399 1560 1437 1597 et
1470 1560 1587 1597 maris
1630 1558 1895 1597 absolvuntur.

402 1627 583 1665 Herculis
619 1627 771 1665 ratione
806 1626 970 1676 physica
1000 1627 1177 1676 exposita
1205 1627 1355 1676 Apollo
1385 1629 1423 1665 et
1447 1626 1592 1674 Diana,
1628 1626 1795 1674 denique
1824 1625 1894 1663 Dis

401 1696 513 1744 pater
541 1695 839 1744 pertractantur.

516 1837 545 1881 ¹)
569 1837 734 1872 Osannus
757 1837 871 1881 praef.
895 1848 930 1881 p.
948 1836 1088 1872 XXXV
1111 1836 1193 1872 adn.

513 1893 544 1937 ²)
568 1893 615 1928 M.
639 1892 708 1928 Rh.
733 1895 776 1928 23
808 1893 926 1938 (1868)
954 1904 990 1938 p.
1014 1895 1098 1938 6333
1132 1891 1179 1928 cf.
1212 1892 1372 1938 Martini,
1405 1891 1552 1928 Diocles
1584 1892 1659 1938 (50)
1690 1901 1746 1937 ap.
1771 1889 1893 1927 P.-W.

401 1949 435 1986 V
455 1951 552 1986 1801.
