2096 3129
1600 195 1652 233 79

171 308 219 347 de
250 320 368 347 mens.
396 321 434 359 p.
459 309 550 356 123,
568 309 618 347 13
648 309 830 348 recurrit:
856 300 1117 361 Ἀμάλθειαν
1147 306 1194 348 δὲ
1223 302 1398 360 τροφὸν
1427 302 1542 356 Διός,
1571 304 1655 362 τὴν

172 367 257 429 ἅμα
293 374 367 416 καὶ
402 372 584 429 α’θρόως
619 373 693 416 καὶ
721 371 787 416 ἑνὶ
814 370 963 428 χρόνῳ
991 370 1046 416 τὰ
1075 369 1186 416 ὄντα
1215 375 1279 429 τῷ
1308 372 1377 416 Διῒ
1405 367 1653 426 αὔξουσαν·

173 436 330 484 ἄλθειν
369 441 453 497 γὰρ
492 439 545 484 τὸ
583 436 745 495 αὔξειν.
804 444 889 482 Hoc
918 446 1042 493 patet,
1072 443 1222 482 etiamsi
1250 454 1329 481 non
1360 443 1464 481 omni
1493 454 1514 480 e
1543 445 1655 492 parte

173 522 259 549 cum
303 511 471 551 Cornuto
515 511 709 560 congruit,
752 510 888 550 eodem
932 523 953 550 e
997 510 1104 549 fonte
1146 510 1323 549 haustum
1367 521 1461 549 esse.
1524 510 1655 559 Atque

172 579 287 618 etiam
324 579 489 617 nominis
527 579 660 629 Priapi
697 578 962 629 interpretatio
991 590 1029 628 p.
1049 578 1114 626 50,
1133 578 1184 617 15
1213 577 1464 628 Apollodoro
1501 577 1656 616 videtur

172 645 427 685 adscribenda
482 657 582 685 esse:
636 658 715 685 non
768 658 874 685 mera
925 648 985 685 est
1038 645 1244 694 derivatio,
1298 645 1368 684 sed
1414 640 1655 699 παρήχησις

173 713 382 763 quaedam,
421 726 536 763 quam
572 714 838 763 originationis
875 714 1062 752 rationem
1099 713 1212 751 illum
1250 713 1538 762 grammaticum
1576 724 1655 751 non

172 782 448 830 contempsisse
502 793 620 831 supra
667 780 844 819 vidimus.
920 780 1066 819 Similis
1112 780 1378 830 interpretatio
1426 780 1569 828 legitur
1614 780 1655 817 in

176 847 330 887 scholio
361 847 412 886 ad
440 847 645 887 Theocr.1
670 861 706 888 V.
723 849 792 886 21:
830 846 1048 900 Πρίαπος,
1078 842 1264 901 Νύμφης
1292 843 1459 894 Ναΐδος
1492 842 1656 901 Χιόνης

173 913 249 955 καὶ
289 911 508 956 Διονύσου
553 912 668 966 υἱός,
712 907 766 956 ὃν
803 915 949 956 κτίσαι
986 913 1088 968 περὶ
1126 909 1377 968 Λάμψακον
1421 909 1656 968 ὁμώνυμον

172 978 307 1023 πόλιν
338 975 458 1038 αὐτῷ
488 992 607 1035 φασι.
657 980 761 1037 παρ’
790 981 924 1032 ἐνίοις
954 980 1001 1024 δὲ
1030 980 1056 1024 ὁ
1085 978 1220 1031 αὐτός
1245 979 1337 1023 ἐστι
1358 981 1421 1036 τῷ
1441 977 1652 1036 Διονύσῳ,

172 1049 247 1091 καὶ
287 1048 336 1091 ἐκ
373 1051 450 1106 τῆς
490 1049 778 1105 ἐτυμολογίας
817 1065 865 1104 γε
901 1048 926 1090 ὁ
963 1048 1099 1099 αὐτὸς
1136 1049 1351 1102 φαίνεται.
1416 1046 1505 1092 ἔστι
1545 1050 1654 1104 γοῦν

173 1111 272 1158 οἷον
315 1115 530 1173 βριήπυος
571 1114 642 1159 διὰ
680 1114 758 1168 τὰς
793 1115 841 1159 ἐν
878 1124 974 1167 ταῖς
1017 1116 1237 1172 βακχείαις
1281 1116 1354 1158 καὶ
1392 1116 1549 1171 μέθαις
1585 1116 1653 1158 ἐκ·

172 1181 362 1240 βοήσεις,
398 1180 465 1241 ἢ.
520 1219 527 1226 .
562 1182 650 1227 απὸ
680 1187 762 1227 τοῦ
790 1184 1029 1239 ,προίεσθαι
1058 1181 1111 1226 τὸ
1141 1185 1312 1238 σπέρμα
1340 1186 1405 1235 (cf.
1435 1186 1538 1225 Suid.
1569 1198 1597 1225 s.
1618 1199 1654 1225 v.

172 1252 400 1306 Πρίαπος).
464 1254 594 1303 Atque
634 1266 720 1293 cum
759 1253 974 1292 Reinhardt
1007 1255 1081 1293 LI.
1110 1266 1147 1303 p.
1172 1254 1250 1291 112
1290 1252 1573 1303 Apollodorum
1613 1253 1655 1291 in

173 1323 440 1370 cognominum
487 1322 660 1370 deorum,
705 1334 802 1371 quae
846 1325 885 1360 et
926 1322 1126 1360 transitive
1169 1324 1208 1360 et
1249 1322 1488 1359 intransitive
1532 1322 1656 1371 accipi

172 1391 343 1438 possunt,
372 1389 411 1427 vi
440 1389 689 1439 explananda
717 1392 917 1438 utramque
945 1388 1225 1439 interpretandi
1254 1389 1404 1438 copiam
1434 1389 1655 1438 amplexum

173 1468 256 1494 esse
286 1457 455 1505 evicerit,
484 1458 616 1496 nescio
646 1470 696 1495 an
725 1456 800 1495 hac
830 1469 852 1495 e
882 1456 1158 1495 consuetudine
1188 1457 1302 1495 etiam
1333 1457 1465 1506 Priapi
1490 1456 1655 1494 nominis

171 1526 385 1573 etymorum
415 1524 616 1564 diversitas
642 1524 817 1576 expediri
835 1525 966 1575 possit.
1008 1525 1145 1575 Itaque
1164 1524 1227 1564 hic
1249 1536 1401 1575 quoque
1420 1523 1657 1575 Apollodori

172 1591 387 1631 doctrinam
415 1594 539 1637 latere
567 1595 672 1642 puto.

285 1660 392 1699 Haec
421 1659 614 1699 sufficiant
644 1660 693 1699 de
722 1660 979 1710 Apollodoro,
1009 1661 1117 1699 cuius
1146 1671 1287 1698 nomen
1316 1659 1421 1709 apud
1446 1659 1655 1699 Cornutum

172 1738 378 1776 numquam
408 1729 583 1768 occurrit.
632 1728 723 1766 Pari
750 1727 865 1767 modo
896 1730 1093 1767 auctorum
1122 1728 1286 1775 nomina,
1316 1727 1382 1776 qui
1411 1726 1515 1777 apud
1544 1727 1654 1765 illum

173 1795 281 1833 citati
319 1798 445 1844 erant,
486 1796 627 1834 omissa
665 1798 769 1844 sunt,
808 1799 850 1834 ut
887 1807 1014 1846 pauca
1043 1808 1064 1834 e
1094 1795 1232 1834 libello
1262 1795 1497 1834 Cornutiano
1526 1795 1654 1833 lucre·

172 1874 257 1901 mur
286 1863 336 1902 ad
365 1864 471 1902 illius
502 1864 629 1914 operis
658 1863 830 1903 indolem
860 1867 899 1902 et
927 1864 1118 1902 rationem
1147 1862 1463 1912 pernoscendam.
1511 1863 1653 1901 Verum

173 1932 301 1969 tamen
346 1943 424 1970 non
468 1934 577 1969 tanta
621 1931 760 1980 dignus
806 1933 866 1969 est
907 1931 1208 1980 contemptione,
1252 1933 1398 1979 quanta
1439 1929 1654 1968 Reinhardt

174 2001 322 2037 censet:
360 2011 449 2037 nam
487 2001 756 2049 praeterquam
795 1998 899 2048 quod
936 1998 1113 2048 perutilis
1149 2001 1207 2036 est
1243 1997 1293 2036 ad
1321 1997 1545 2046 indaganda
1573 2009 1652 2035 am-

173 2065 300 2114 pliora
337 2065 573 2116 Apollodori
611 2065 844 2115 fragmenta,
889 2077 989 2114 quae
1027 2077 1050 2103 a
1087 2064 1365 2104 recentioribus
1403 2064 1654 2114 scriptoribus

174 2135 328 2171 servata
356 2135 454 2182 sunt,
483 2134 691 2184 praecipue
720 2134 767 2172 iis
796 2133 834 2170 in
863 2134 1047 2183 partibus,
1077 2132 1215 2181 quibus
1235 2131 1393 2171 deorum
1414 2132 1655 2181 cognomina,

174 2210 284 2238 sacra
321 2204 471 2240 statuae
509 2202 678 2251 insignia
715 2202 929 2251 gestamina
968 2202 1267 2251 pertractantur,
1310 2200 1417 2238 illius
1457 2199 1654 2239 doctrinae

174 2265 341 2306 frustula
378 2269 638 2317 inveniuntur,
677 2281 792 2318 quae,
831 2269 863 2307 si
893 2268 1006 2307 modo
1036 2268 1227 2318 ampliora
1256 2267 1472 2317 fragmenta
1501 2267 1654 2316 desunt,

174 2346 252 2372 non
292 2348 363 2385 pro
403 2336 526 2375 nihilo
567 2336 744 2375 ducenda
782 2340 881 2375 sunt.
947 2336 1000 2375 Ut
1036 2339 1214 2385 putemus
1249 2335 1457 2374 Cornutum
1486 2336 1652 2384 Apollo-

175 2401 293 2442 dorea
327 2416 406 2443 non
441 2417 489 2444 ex
522 2405 629 2444 illius
663 2404 772 2444 libris
807 2404 901 2455 ipsis
940 2403 1009 2444 sed
1050 2416 1071 2443 e
1106 2402 1334 2453 compendio
1364 2402 1531 2453 quodam
1559 2401 1653 2441 hau-

174 2469 280 2519 sisse,
309 2471 409 2511 nihil
437 2475 505 2521 est,
536 2471 640 2522 quod
668 2471 841 2511 suadeat.

291 2606 517 2647 Enucleatis
551 2608 615 2656 iis,
651 2619 751 2658 quae
786 2607 837 2646 ad
866 2607 1151 2658 Apollodorum
1185 2606 1408 2646 revocanda
1436 2608 1539 2653 sunt,
1574 2606 1653 2644 alia

173 2674 330 2722 restant,
359 2687 520 2724 quorum
550 2676 598 2715 de
628 2677 777 2726 origine
807 2676 901 2726 quid
930 2676 1174 2715 statuendum
1202 2677 1251 2714 sit
1276 2676 1398 2713 minus
1419 2677 1562 2712 certum
1584 2677 1654 2713 est.

286 2741 501 2782 Reinhardt
538 2756 575 2794 p.
606 2745 684 2783 120
734 2743 836 2794 apud
885 2744 1093 2784 Cornutum
1137 2742 1334 2782 Posidonii
1382 2739 1484 2795 περὶ
1528 2741 1652 2782 θεῶν

174 2808 302 2855 operis
349 2806 517 2860 vestigia
562 2812 731 2850 inveniri
781 2812 946 2850 maxime
990 2824 1035 2850 eo
1078 2810 1236 2860 probari
1279 2812 1427 2857 censet,
1477 2809 1582 2858 quod
1630 2823 1652 2849 e
