2096 3129
602 820 936 873 Conspectus
972 818 1258 866 librorum.

203 931 232 968 Ι.
273 931 333 969 De
363 931 522 970 Cornuti
550 931 632 969 vita
660 933 699 969 et
728 931 879 980 scriptis
908 932 1086 980 egerunt:

301 1010 335 1048 1.
372 1009 541 1049 Thomas
571 1009 727 1058 Galeas,
757 1007 954 1059 Opuscula
978 1008 1242 1058 mythologica
1271 1008 1398 1048 ethica
1428 1012 1467 1048 et
1490 1009 1664 1060 physica,

414 1077 685 1126 cantabrigiae
709 1077 827 1124 1671,
856 1077 1019 1115 Amstel.
1045 1077 1162 1124 1688,
1191 1077 1232 1113 in
1261 1076 1500 1125 praefatione
1530 1078 1608 1125 (V).

297 1145 332 1182 2.
372 1144 402 1182 Ι.
423 1145 472 1183 A.
491 1144 702 1192 Fabricius,
732 1143 976 1182 Bibliotheca
1005 1143 1155 1182 Graeca
1179 1143 1277 1181 1.ΙΙ[
1298 1154 1329 1182 c.
1345 1144 1416 1182 XV
1436 1144 1664 1193 (Gatalogus

385 1210 613 1260 Stoicorum)
642 1214 730 1248 tom.
751 1211 808 1248 111
836 1223 873 1260 p.
894 1211 975 1248 398
991 1221 1075 1259 sqq.
1105 1210 1182 1259 (ed.
1207 1213 1367 1259 quartae
1387 1223 1410 1248 a
1430 1210 1475 1249 G.
1495 1210 1664 1250 Christo-

411 1278 533 1328 phoro
565 1278 703 1317 Harles
733 1281 889 1316 curatae
918 1278 996 1316 vol.
1015 1278 1073 1316 III
1102 1278 1244 1327 (1793)
1274 1289 1310 1327 p.
1332 1278 1413 1316 554
1429 1276 1540 1330 sqq.).

296 1347 331 1384 3.
372 1346 565 1385 Gerardus
602 1346 767 1384 Ioannes
806 1345 855 1383 de
894 1346 1066 1392 Martini,
1110 1345 1168 1383 De
1203 1336 1248 1383 L.
1279 1347 1444 1384 Annaeo
1484 1346 1664 1394 Cornuto,

412 1413 618 1463 disputatio
668 1412 926 1463 inauguralis,
975 1412 1099 1462 Lugd.
1144 1414 1228 1452 Bat.
1261 1413 1380 1452 1825.
1452 1413 1508 1453 Of.
1551 1413 1663 1453 huius

411 1482 741 1521 commentationis
771 1493 971 1520 censuram
1001 1494 1025 1519 a
1054 1481 1249 1520 Friderico
1280 1481 1438 1520 Osanno
1468 1483 1662 1532 conscrip-

412 1553 501 1597 tam,
532 1549 690 1600 Ephem.
720 1549 794 1587 Lit.
823 1549 912 1587 Hal.
937 1549 1056 1597 1832,
1085 1549 1219 1599 Suppl.
1248 1549 1324 1588 100
1353 1561 1390 1599 p.
1414 1550 1493 1587 798
1509 1561 1592 1599 sqq.

294 1619 330 1656 4.
369 1618 624 1666 Villoisonus,
664 1618 946 1666 Prolegomena
989 1617 1147 1656 editioni
1184 1617 1312 1656 libelli
1351 1617 1574 1656 Cornutiani
1613 1618 1662 1656 ab

411 1685 567 1725 Osanno
597 1688 753 1724 curatae
781 1685 1005 1734 praemissa.

296 1754 331 1792 5.
371 1752 461 1792 Otto
504 1752 624 1800 Jahn,
668 1753 950 1802 Prolegomena
993 1752 1043 1791 ad
1087 1753 1210 1791 Persii
1255 1752 1462 1791 editionem
1506 1754 1660 1803 (1843),

413 1833 449 1871 p.
469 1821 564 1859 VIII
579 1832 661 1870 sqq.

295 1890 330 1927 6.
369 1889 469 1926 Paul
496 1889 727 1936 Monoeaux,
766 1888 841 1927 Les
879 1888 1048 1937 origines
1088 1888 1136 1926 de
1170 1889 1212 1926 la
1245 1899 1359 1938 prose
1389 1888 1575 1926 africaine
1606 1911 1660 1916 —

411 1956 599 1996 Cornutus
636 1958 675 1995 et
704 1956 847 1996 Severe
877 1955 925 1995 de
953 1956 1087 2006 Leptis
1114 1978 1170 1984 —
1199 1956 1357 2004 Florus,
1395 1957 1437 1994 in
1465 1956 1564 1995 libro
1595 1958 1659 2005 qui

409 2023 628 2062 inscribitur
657 2024 732 2062 Les
762 2023 968 2063 Africains.
1025 2024 1101 2062 Les
1129 2025 1270 2062 Palens
1300 2024 1426 2072 (Paris
1449 2025 1584 2073 1894).

294 2094 330 2131 7.
370 2093 536 2131 Ioannes
574 2091 623 2129 ab
663 2092 819 2140 Arnim,
862 2091 1047 2130 Annaeus
1082 2091 1141 2141 (4)
1176 2091 1278 2141 apud
1316 2092 1659 2140 Pauly-wissowa

396 2161 454 2199 R.
474 2160 516 2198 Ε.
536 2159 555 2197 Ι
576 2159 697 2198 2225.

291 2229 328 2266 8.
367 2227 466 2267 Rud.
497 2228 641 2277 Reppe,
671 2227 731 2265 De
759 2227 805 2265 L.
825 2227 990 2266 Annaeo
1020 2227 1201 2275 Cornuto,
1232 2227 1381 2266 dissert.
1411 2227 1515 2277 Lips.
1540 2228 1657 2265 1906.

410 2296 470 2334 De
510 2295 732 2335 Cornutiani
776 2295 867 2334 libri
910 2296 1076 2334 auctoris
1120 2296 1358 2345 temporibus
1398 2296 1657 2334 coniecturam

407 2362 500 2401 fecit
518 2362 788 2412 Wollcnberg‚
818 2363 924 2401 cuius
954 2362 1247 2412 disputationem
1276 2374 1355 2400 non
1384 2363 1475 2401 novi
1504 2363 1579 2400 nisi
1609 2375 1657 2400 ex

408 2431 587 2469 editionis
616 2430 841 2479 Langianae
869 2430 1108 2480 praefatione
1136 2430 1189 2480 (p.
1210 2431 1302 2469 VIII
1318 2431 1401 2479 sq.).

179 2531 226 2571 ΙΙ.
265 2531 466 2573 Editiones
494 2532 634 2588 libelli,
663 2532 729 2582 qui
758 2531 917 2572 Cornuti
945 2531 1099 2572 nomine
1128 2530 1263 2573 fertur:

408 2613 608 2652 Fabricius
636 2610 705 2650 1.1.
736 2611 925 2651 editiones
954 2614 1142 2660 recenset,
1171 2622 1270 2661 quae
1299 2621 1421 2661 usque
1442 2610 1492 2650 ad
1512 2624 1653 2650 annum

411 2681 516 2719 1707
536 2681 577 2719 in
606 2681 734 2719 lucem
759 2679 996 2730 prodierunt.
1038 2680 1287 2718 Recentiores
1307 2682 1434 2718 autem
1455 2683 1544 2719 sunt
1563 2680 1651 2718 hae:

295 2759 327 2797 1.
366 2758 538 2799 Thomas
584 2759 745 2807 Galeus,
789 2759 830 2797 in
874 2758 1083 2809 Opuscnlis
1129 2757 1400 2808 mythologicis
1441 2758 1575 2798 ethicis
1615 2762 1654 2797 et

405 2826 590 2877 physicis,
606 2827 876 2878 cantabrigiae
894 2827 1013 2875 1671,
1033 2827 1194 2865 Amstel.
1215 2826 1336 2865 1688:
1361 2821 1653 2880 Φουρνούτου
