2096 3129
418 181 471 221 76

418 292 562 333 τῶντος
583 288 757 337 ἰσχυρῶς,
782 284 865 327 οἷον
890 288 1129 338 ἐφαρμόζον-

416 357 491 389 τος.
540 343 602 382 ἐπὶ
635 344 675 384 δὲ
706 350 777 383 τοῦ
790 341 914 383 Ἅιδου
938 343 982 383 τό
1006 352 1130 385 τοῖου-

416 399 486 438 τόν
502 413 629 449 φησιν,
654 398 738 440 ἐπεὶ
755 406 833 439 τῶν
849 399 1131 441 ἀποθανόντων

417 454 487 505 οὐχ
503 454 588 495 οἷόν
603 456 644 496 τὲ
664 457 769 495 ἐστιν
787 457 830 495 ἐκ
847 463 924 495 τῶν
937 455 1130 506 ὕπογείων

415 512 547 553 τόπων
570 512 909 563 καθυποστρὲψαι.

530 633 624 672 Cum
660 633 934 684 cognominum
973 626 1190 684 εὔβουλος
1229 637 1269 674 et
1308 627 1547 684 εύβουλεύς
1586 635 1904 684 interpretatione

415 700 652 740 Cornutiana
682 700 943 751 comparanda
972 703 1071 749 sunt,
1101 712 1200 751 quae
1230 701 1441 741 scholiasta
1469 702 1605 741 eadem
1633 702 1781 740 ratione
1809 713 1902 741 usus

417 767 468 806 ad
502 769 589 806 Nic.
624 768 813 818 Alexiph.
848 781 883 807 v.
910 769 960 806 14
995 769 1211 807 adnotavit:
1253 766 1516 825 Εὖβουλῆος
1555 767 1602 810 δὲ
1641 769 1725 810 τοῦ
1756 762 1903 810 Ἅιδου

417 834 514 876 κατ’
563 827 847 890 εὐφημισμόν.
858 837 889 886 1)
965 835 1112 876 Eadem
1161 837 1260 876 ratio
1309 837 1441 877 subest
1487 837 1652 877 nominis
1699 836 1903 877 Charontis

416 904 634 954 veriloquio
674 917 698 943 a
737 903 906 944 Cornuto
949 905 1078 956 priore
1119 905 1210 944 loco
1248 903 1432 945 exhibito.
1498 906 1580 945 Iam
1620 917 1736 957 supra
1773 905 1903 945 monui

414 973 515 1011 tales
555 972 837 1022 explicationes
876 973 916 1010 in
953 973 1035 1011 eius
1070 972 1209 1011 libello
1240 973 1375 1012 obvias
1405 973 1651 1023 Apollodoro
1681 973 1904 1012 tribuendas

417 1051 519 1087 esse;
550 1039 703 1079 accedit
731 1052 824 1080 vero
854 1041 1114 1080 testimonium
1145 1041 1414 1091 gravissimum
1440 1041 1633 1081 Eustathii
1663 1042 1715 1092 (p.
1738 1041 1801 1089 16,
1817 1042 1903 1091 32):

416 1103 459 1147 οἱ
491 1105 539 1147 δὲ
572 1101 719 1155 ἄλλως
750 1103 1050 1160 α’συναιρέτως
1074 1104 1158 1148 τὸν
1177 1101 1326 1161 Ἅιδην
1355 1104 1634 1161 παράγοντες
1664 1103 1768 1148 οὔτε
1797 1103 1849 1148 τὸ
1881 1109 1904 1147 ῐ

415 1170 464 1214 ἐν
493 1173 547 1227 τῇ
577 1168 773 1228 ἀρχούσῃ
803 1169 1186 1228 προσγράφουσιν,
1217 1168 1328 1216 ἀλλὰ
1356 1172 1430 1215 καὶ
1461 1167 1551 1216 άπὸ
1579 1175 1663 1216 τοῦ
1682 1168 1778 1228 ἤδοο
1798 1173 1905 1227 φασὶ

414 1241 700 1303 παραχθῆναι
743 1237 826 1282 τὸν
864 1234 1014 1295 Ἅιδην
1063 1237 1177 1282 κατὰ
1221 1233 1498 1295 άντὶφρασιν,
1547 1239 1584 1296 ᾠ
1631 1234 1782 1295 ἥδεται
1829 1240 1904 1282 καὶ

413 1306 555 1362 χαίρει
593 1305 766 1357 ου’δείς·
806 1308 872 1361 (cf.
904 1309 1017 1350 Corn.
1046 1321 1083 1360 p.
1104 1309 1141 1360 5,
1157 1309 1201 1360 4)
1240 1305 1359 1351 Καθ’
1389 1324 1414 1350 ο
1451 1307 1524 1350 καὶ
1558 1305 1724 1363 Χάρων
1759 1309 1903 1363 μυθο-

415 1377 610 1430 λογεῖται
639 1373 871 1430 πορθμεὺς
902 1373 951 1417 ἐν
971 1368 1134 1427 Ἅιδου,
1164 1373 1227 1425 οὖς
1257 1369 1346 1417 άπὸ
1376 1376 1461 1418 τοῦ
1485 1375 1701 1430 χαίρειν.“3)

527 1455 668 1495 Adhuc
710 1456 865 1505 seposui
910 1456 1211 1505 explicationem
1251 1467 1382 1494 eorum
1421 1456 1635 1503 numinum,
1674 1467 1772 1505 quae
1812 1455 1903 1494 Cor-

415 1525 530 1562 nutus
569 1523 742 1562 universi
779 1522 913 1561 mundi
952 1522 1130 1571 symbola
1158 1522 1434 1573 interpretatur
1463 1523 1514 1572 (p.
1536 1523 1602 1571 48,
1619 1522 1643 1560 5
1659 1523 1769 1572 sqq).
1827 1521 1904 1561 Sed

413 1592 513 1629 latet
551 1590 614 1628 hie
645 1602 798 1639 quoque
829 1590 1006 1629 doctrina
1035 1589 1322 1639 Apollodorea‚
1363 1590 1512 1628 etiamsi
1541 1591 1629 1638 plus
1664 1601 1779 1638 quam
1809 1590 1904 1628 alibi

415 1669 501 1697 cum
540 1657 682 1697 alienis
722 1657 928 1696 commixta
966 1657 1031 1696 vel
1070 1657 1199 1707 potius
1238 1657 1323 1707 ipsa
1361 1656 1501 1695 alienis
1536 1656 1691 1695 inserta.
1748 1656 1903 1695 Mfinzel

414 1726 517 1763 enim
554 1725 625 1772 Qu.
646 1738 694 1763 m.
724 1737 762 1774 p.
782 1726 832 1763 10
850 1737 933 1774 sqq.
969 1726 1189 1773 catalogum
1229 1726 1310 1763 eius
1349 1736 1397 1762 ex
1436 1736 1554 1774 opere
1594 1724 1787 1772 haustum,
1827 1736 1902 1773 quo

414 1793 532 1832 Panis
552 1793 808 1842 genealogiae
827 1794 1091 1840 recensentur,
1110 1791 1278 1831 restituit
1297 1793 1336 1830 et
1354 1802 1440 1830 cum
1462 1791 1674 1841 allegoriis,
1694 1802 1794 1841 quae
1814 1790 1904 1830 huic

413 1862 454 1898 in
475 1860 625 1898 scholio
646 1860 695 1898 ad
711 1860 877 1898 Theoer.
897 1860 916 1897 I
938 1872 972 1897 ν.
994 1860 1018 1897 3
1041 1863 1080 1897 et
1100 1859 1205 1908 apud
1219 1859 1395 1898 Servium
1410 1859 1461 1897 ad
1476 1860 1590 1907 Verg.
1607 1858 1746 1908 Georg.
1761 1859 1780 1896 I
1796 1872 1832 1897 v.
1853 1860 1900 1896 16

414 1926 682 1976 adnectuntur,
703 1926 898 1967 Cornutea
916 1938 952 1977 p.
969 1926 1022 1964 49
1045 1926 1301 1977 comparavit:
1330 1924 1422 1964 inde
1443 1928 1594 1964 constat
1613 1928 1721 1975 origo
1736 1925 1902 1976 Apollo-

413 1995 543 2034 dorea.
610 1995 736 2033 Etiam
775 1994 1034 2045 Porphyrium
1079 2006 1165 2033 cum
1210 1993 1270 2032 his
1309 1994 1443 2043 aliqua
1481 2005 1503 2032 e
1540 1996 1651 2043 parto
1690 2005 1903 2043 congruere

412 2063 590 2101 Bortzler
619 2063 831 2112 perspexit.
890 2061 967 2101 Sed
995 2062 1115 2100 liceat
1143 2060 1254 2110 mihi,
1285 2072 1384 2111 quae
1413 2061 1488 2099 viri
1517 2060 1622 2100 docti
1651 2072 1902 2111 comparave-

415 2133 517 2177 runt,
547 2129 675 2167 denuo
705 2140 945 2179 comparare:

456 2228 563 2264 Corn.
602 2239 638 2273 p.
670 2231 726 2273 49,
749 2232 769 2263 4
787 2239 887 2273 sqq:
968 2227 1088 2264 Schol.
1105 2227 1290 2263 Theoer.1
1307 2238 1342 2262 v.
1356 2229 1394 2262 3:
1475 2226 1602 2262 Brevis
1611 2226 1903 2272 exposinverg.

418 2285 563 2320 Τοῦτον
596 2279 691 2319 εἶναι
723 2284 788 2318 καὶ
819 2280 888 2318 τὸν
925 2284 961 2318 οἱ
985 2281 1024 2320 δὲ
1049 2281 1232 2328 λέγουσιν,
1255 2276 1317 2319 ὅτι
1334 2278 1396 2317 διὰ
1431 2282 1695 2327 GeorgIV.l7.
1719 2281 1774 2317 III
1790 2293 1824 2327 p.
1835 2285 1901 2318 204

411 2341 536 2382 Πᾶνα,
556 2336 685 2384 ἐπειδὴ
707 2343 761 2387 τῷ
774 2340 886 2375 παντὶ
924 2343 1038 2375 τοῦτο
1085 2336 1169 2374 Πὰν
1208 2341 1392 2380 καλεῖται,
1430 2337 1557 2373 Thilo:
1585 2362 1593 2370 .
1611 2365 1618 2372 .
1636 2365 1644 2372 .
1660 2337 1902 2383 Apollodorus

412 2391 433 2431 ὁ
460 2391 577 2437 αὐτός
601 2392 695 2432 ἐστι.
922 2388 984 2430 ὅτι
1009 2398 1073 2440 τῆς
1097 2389 1196 2440 ὥρας
1215 2391 1306 2437 ἐστί,
1332 2406 1395 2438 ση-
1429 2393 1508 2429 sine
1514 2393 1730 2439 parentibus
1742 2404 1822 2429 eum
1832 2394 1901 2438 fin-

920 2455 1032 2495 μεῖον
1067 2449 1107 2487 δὲ
1141 2454 1209 2487 τοῦ
1240 2447 1394 2493 παντός,
1428 2449 1499 2496 yit,
1545 2449 1717 2495 quoniam
1755 2449 1901 2485 univer-

901 2497 1017 2553 ,ὅθεν
1062 2507 1203 2554 κυρίως
1251 2517 1394 2554 προσα·
1428 2516 1523 2552 sum,
1562 2505 1603 2542 ia
1640 2508 1692 2542 est
1729 2504 1772 2542 τὸ
1813 2508 1900 2549 πᾶν,

526 2623 553 2668 ¹)
577 2622 633 2659 Cf.
659 2622 774 2667 Korn,
807 2622 891 2658 Ath.
916 2622 1008 2658 Mitt.
1024 2621 1112 2658 XVI
1135 2623 1274 2668 (1891),
1298 2632 1334 2666 p.
1354 2623 1406 2656 12.
1452 2620 1600 2666 Jessen,
1631 2620 1819 2656 Eubuleus
1843 2630 1900 2665 ap.

411 2679 526 2715 P.-W.
546 2679 600 2714 VI
623 2690 658 2724 p.
676 2682 752 2714 864.

425 2795 435 2810 ἱ
495 2800 502 2811 .
523 2747 551 2790 2)
575 2745 630 2781 Of.
655 2745 756 2781 Serv.
781 2745 838 2781 ad.
855 2745 965 2791 Verg.
983 2745 1075 2781 Aen.
1092 2745 1145 2781 Vl
1162 2747 1246 2780 299:
1272 2744 1418 2779 Charon
1434 2740 1534 2779 κατά
1552 2739 1779 2789 α’ντίφρασιν
1794 2743 1900 2788 quasi

411 2813 591 2848 αχαιρων.
