2096 3129
1643 209 1692 246 61

218 321 317 361 stein
337 321 475 362 Gesch.
497 321 649 362 Griech.
669 322 839 372 Etymol.
865 336 902 373 p.
925 323 1003 362 309
1032 323 1214 373 scriptum
1245 323 1457 361 invenitur:
1482 316 1702 363 Ἀπολλώ-

219 401 313 437 νιος
333 387 381 430 δὲ
401 386 425 430 ὁ
445 389 530 431 τοῦ
542 383 755 444 Ἀρχιβίου
776 389 911 445 φησὶν
932 381 956 431 ὃ
977 385 1043 431 ἑνὶ
1062 387 1168 431 εἴκει
1187 388 1420 431 τουτέστιν
1440 385 1504 430 ἑνὶ
1523 386 1702 443 ὑποχω-

218 463 305 509 ρεῖ·
445 454 469 498 ὁ
501 453 585 511 γὰρ
616 456 871 513 Σιμωνίδης
908 459 1266 512 παρετυμολογεῑ
1303 450 1435 499 αὐτό·
1475 456 1579 512 φησὶ
1618 453 1701 511 γὰρ

218 518 319 572 „fevi
344 517 469 578 δὀἴῳ
489 522 596 565 εἴκει
616 522 702 566 θεὰ
720 523 857 578 μέγαν
877 524 937 574 εἰς
957 525 1119 577 δίφρον
1138 526 1200 576 (fr.
1218 526 1270 563 64
1290 526 1425 575 Hill.)“
1440 523 1469 567 1)
1494 526 1560 576 (ex
1579 526 1702 564 Hero-

218 591 334 632 diano
360 592 408 632 cf.
428 593 689 633 Reitzenstein
717 595 814 644 1.1.).
859 594 1114 644 Apollonium
1142 595 1269 632 autem
1289 605 1375 633 cum
1394 594 1599 644 Apionem,
1620 594 1702 632 eius

219 659 450 710 discipulum
482 660 721 711 Apollodori
754 660 967 700 doctrinam
1002 662 1043 700 in
1076 672 1185 700 usum
1216 672 1325 700 suum
1353 661 1514 701 vertisse
1543 663 1703 709 constet,

216 728 340 776 ipsum
384 728 467 767 eius
513 729 713 767 volumina
759 730 963 778 agnovisse
1011 728 1131 767 valde
1178 728 1380 777 probabile
1428 731 1497 767 est.
1573 728 1701 775 Quare

216 794 502 846 Apollodorum
550 795 625 835 hoe
673 796 927 846 veriloquium
976 797 1196 846 amplexum
1245 807 1331 835 esse
1378 796 1588 835 verisimile
1631 798 1700 834 est.

216 863 355 901 Totam
394 863 511 912 igitur
548 864 817 912 cognominum
858 864 995 902 seriem
1034 864 1207 912 exceptis
1241 864 1303 912 iis,
1348 875 1446 912 quae
1482 863 1552 901 sub
1585 863 1700 901 finem

218 930 412 970 adduntur
441 931 494 982 (p.
516 932 579 979 39,
599 932 648 970 12
666 933 777 981 sqq.),
807 931 995 971 Cornutus
1025 930 1267 982 Apollodoro
1300 931 1425 971 debet.
1478 930 1555 971 Sed
1584 931 1699 970 etiam

216 1010 315 1047 quae
351 999 387 1037 ei
420 1011 458 1048 p.
486 999 550 1047 38,
574 1000 624 1036 16
641 1010 725 1049 sqq.
759 1000 933 1037 immixta
967 1002 1072 1046 sunt,
1106 999 1213 1037 illius
1249 1011 1297 1037 ex
1326 1010 1444 1048 opere
1474 999 1700 1048 deprompta

216 1078 301 1106 esse
339 1066 583 1106 statuendum
624 1070 698 1116 est,
737 1079 839 1115 cum,
881 1078 979 1116 quae
1018 1079 1054 1117 p.
1086 1066 1150 1115 38,
1172 1067 1221 1105 21
1259 1067 1455 1116 leguntur,
1495 1066 1699 1106 concinant

217 1144 301 1171 cum
332 1134 462 1172 olivae
491 1134 599 1172 Jovis
629 1145 762 1172 sacrae
792 1134 1068 1183 explanatione
1096 1145 1134 1183 p.
1157 1134 1300 1181 10,18.

327 1202 452 1240 Etiam
491 1202 531 1240 in
570 1202 627 1250 iis,
667 1213 766 1250 quae
802 1202 993 1242 Cornutus
1028 1201 1076 1240 de
1105 1202 1228 1240 Marte
1259 1201 1426 1250 disserit,
1462 1201 1698 1251 Apollodori

214 1268 380 1318 vestigia
416 1268 493 1307 iam
532 1267 686 1308 detecta
719 1271 818 1307 sunt.
874 1268 1046 1307 Prolusit
1081 1267 1155 1307 hac
1183 1268 1224 1305 in
1252 1279 1294 1306 re
1323 1268 1465 1318 optime
1494 1267 1698 1306 Eduardus

214 1335 409 1374 Schwartz
438 1337 465 1374 1.
485 1337 524 1384 1.,
554 1348 666 1385 quem
695 1338 847 1375 secutus
877 1339 935 1375 est
954 1335 1194 1383 Hefermehl,
1224 1337 1290 1384 qui
1318 1348 1354 1385 p.
1375 1336 1426 1374 41
1450 1336 1538 1374 adn.
1556 1337 1603 1373 11
1627 1347 1697 1374 suo

214 1402 309 1450 iure,
339 1414 438 1452 quae
464 1403 576 1441 Corn.
598 1403 663 1451 40,
680 1403 734 1440 20
760 1403 880 1442 Clem.
900 1404 1017 1442 Alex.
1037 1404 1161 1441 Protr.
1186 1415 1222 1452 p.
1240 1403 1304 1450 22,
1320 1404 1370 1440 16
1382 1414 1465 1452 sqq.
1492 1402 1544 1440 St.
1564 1402 1698 1450 Lydus

215 1469 263 1509 de
302 1482 423 1509 mens.
480 1483 517 1521 p,
549 1472 613 1519 91,
636 1472 686 1509 17
716 1470 917 1521 proferunt
943 1471 1045 1509 inter
1073 1482 1115 1509 se
1150 1471 1416 1520 congruentia,
1452 1470 1698 1520 Apollodoro

213 1538 437 1577 vindicavit.
475 1539 723 1588 Etymologia
748 1541 886 1587 autem,
913 1551 1027 1588 quam
1048 1538 1237 1578 Cornutus
1257 1551 1295 1588 p.
1317 1538 1380 1587 41,
1401 1539 1419 1575 1
1448 1531 1489 1590 (ἢ
1513 1530 1601 1578 ἀπὸ
1623 1539 1698 1592 τῆς

214 1597 333 1660 ἀρῆς,
363 1597 390 1658 ἥ
416 1603 506 1646 ἐστι
532 1601 693 1659 βλάβη)
721 1606 879 1645 exhibet
908 1618 993 1645 cum
1014 1606 1214 1645 Heraclito
1235 1609 1274 1644 et
1292 1605 1493 1644 Eustathio
1515 1606 1699 1644 concinit:

215 1672 265 1711 cf.
293 1672 450 1712 Heracl.
479 1684 517 1723 p.
537 1673 603 1722 46,
620 1673 644 1711 3
670 1664 854 1726 Ὁμοίως
884 1665 923 1713 δ’
954 1669 978 1712 ὁ
1000 1667 1122 1727 Ἄρης
1152 1666 1287 1713 οὐδέν
1317 1669 1435 1713 ἐστιν
1455 1666 1562 1712 ἄλλο
1582 1667 1702 1727 πλὴν

214 1736 238 1780 ὁ
269 1734 479 1793 πόλεμος,
519 1737 642 1793 παρὰ
672 1737 757 1795 τὴν
785 1732 898 1794 ἀρὴν
927 1734 1256 1793 ὠνομασμένος,
1287 1733 1398 1795 ἥπερ
1428 1736 1519 1780 ἐστὶ
1547 1735 1697 1793 βλάβη.

213 1807 318 1846 Eust.
347 1819 385 1857 p.
406 1808 471 1856 32,
488 1808 539 1845 29
571 1805 646 1847 καὶ
675 1798 699 1848 ὁ
722 1800 846 1862 Ἄρης
876 1805 923 1848 δὲ
944 1804 1033 1848 α’πὸ
1056 1806 1138 1847 τοῦ
1158 1803 1371 1857 βλάπτειν
1391 1801 1699 1860 ὀνομασθῆναι

214 1874 353 1924 δοκεῖ,
393 1872 489 1916 ἐπεὶ
527 1873 601 1915 καὶ
631 1871 924 1928 βροτολοιγὸς
953 1872 977 1916 ὁ
1010 1867 1156 1924 αὐτός.
1214 1873 1330 1922 τινὲς
1357 1873 1510 1927 μέντοι
1538 1872 1587 1915 ἐκ
1616 1873 1697 1915 τοῦ

214 1935 426 1983 ἀπολύειν
462 1937 713 1996 παράγουσι
741 1937 793 1983 τὸ
817 1937 1047 1983 Ἀπόλλων
1075 1942 1139 1992 (cf.
1170 1943 1281 1982 Corn.
1309 1954 1347 1992 p.
1369 1943 1432 1990 66,
1449 1943 1502 1992 3).
1559 1942 1696 1991 Neque

213 2013 287 2059 est,
332 2022 399 2049 cur
441 2011 593 2050 tertiam
637 2011 802 2050 nominis
838 2011 972 2049 Martis
1011 2011 1247 2049 notationem
1288 2010 1495 2049 Cornutum
1539 2010 1696 2049 aliunde

216 2079 359 2128 petisse
389 2081 455 2117 aut
483 2080 607 2129 ipsum
636 2081 892 2118 commentum
921 2090 1005 2117 esse
1036 2090 1277 2117 censeamus:
1307 2091 1397 2116 nam
1425 2079 1545 2116 talem
1565 2090 1586 2116 e
1606 2090 1696 2117 con-

212 2146 329 2200 trario
370 2145 573 2186 derivandi
610 2147 813 2194 rationem,
856 2146 1086 2195 ubicumque
1125 2146 1206 2184 eius
1249 2146 1289 2183 in
1332 2146 1475 2183 libello
1519 2147 1696 2193 occurrit,

211 2214 459 2263 Apollodoro
505 2214 638 2253 deberi
681 2213 798 2252 valde
843 2214 1045 2263 probabile
1085 2216 1143 2252 est
1182 2214 1230 2252 cf.
1260 2225 1296 2263 p.
1318 2213 1353 2261 5,
1370 2213 1407 2251 4.
1439 2213 1503 2261 65,
1522 2214 1573 2251 18
1611 2213 1695 2263 (ubi

211 2281 298 2321 fons
317 2281 506 2322 Macrobii
531 2281 569 2321 S.
587 2282 606 2321 I
626 2283 676 2320 17
699 2292 890 2321 consensu
912 2282 1077 2331 constat)
1100 2281 1163 2330 69,
1183 2282 1244 2329 17,
1264 2282 1326 2319 18.
1357 2281 1420 2329 74,
1440 2281 1502 2319 19.
1545 2280 1696 2320 Idcirco

211 2351 326 2388 etiam
366 2351 529 2389 alteram
568 2351 676 2389 vocis
713 2345 853 2390 Ἐνυώ
894 2350 1168 2399 etymologiam
1206 2350 1271 2387 illi
1307 2348 1580 2387 vindicandam
1611 2361 1696 2389 esse

210 2419 332 2467 patet3
374 2416 423 2456 de
462 2418 590 2467 priore
630 2420 757 2457 autem
796 2418 921 2456 minus
959 2419 1063 2456 certe
1091 2416 1261 2456 iudicare
1290 2417 1399 2463 licet;
1436 2428 1562 2465 neque
1591 2417 1693 2455 enim

210 2485 465 2533 veriloquium
507 2485 548 2523 id
591 2486 798 2532 consentit,
842 2497 918 2534 quo
961 2485 1072 2522 illum
1115 2496 1223 2522 usum
1267 2496 1349 2523 esse
1388 2495 1438 2522 ex
1476 2484 1693 2533 fragmento

211 2553 292 2592 eius
330 2553 485 2594 nomine
524 2554 674 2604 signato
713 2554 850 2594 scimus
889 2553 1011 2603 (Eust.
1045 2565 1084 2604 p.
1111 2552 1203 2602 524,
1230 2552 1279 2592 15
1318 2551 1384 2602 (ad
1413 2551 1445 2590 E
1468 2552 1537 2602 77)
1581 2544 1693 2594 ἀλλὰ

210 2617 291 2676 τὴν
329 2618 573 2677 πολεμικὴν
603 2619 750 2676 δηλοῖ,
790 2613 865 2673 ἀφ’
893 2612 946 2675 ἧς
974 2619 1047 2661 καὶ
1079 2617 1103 2662 ὁ
1134 2614 1382 2667 Ἐνυάλιος·
1420 2613 1447 2675 ἢ
1476 2618 1549 2660 καὶ
1581 2617 1693 2661 διότι

324 2779 352 2823 1)
376 2777 430 2815 Cf.
455 2779 559 2815 Eust.
582 2790 619 2825 p.
636 2781 780 2825 662,34.

321 2837 352 2881 ²)
376 2835 432 2872 Cf.
455 2835 513 2871 Et.
530 2835 577 2872 M.
600 2847 634 2881 p.
655 2838 796 2882 140,16.
834 2835 952 2872 Orion.
977 2846 1011 2881 p.
1032 2839 1084 2872 16.
