2096 3129
1664 144 1718 182 23

234 258 373 310 goniae
412 258 696 299 enarrationem
735 256 880 299 adisset
910 260 949 298 et
977 257 1259 309 exscripsisset,
1299 260 1484 309 excerpta
1513 257 1649 298 mirum
1678 258 1718 296 in

234 327 399 374 modum,
437 329 490 374 ut,
526 327 619 376 qnid
648 327 722 366 sibi
750 328 911 376 vellent,
939 327 1007 365 vix
1035 327 1214 376 intellegi
1242 329 1383 376 posset,
1412 326 1649 365 turbaturum
1680 329 1719 364 et

232 395 351 434 alium
384 394 425 433 in
459 394 600 434 librum
639 397 889 435 retractatum
916 394 1176 433 immixturum
1205 392 1348 433 fuisse?
1361 395 1390 444 ¹)
1447 394 1498 433 Et
1526 396 1615 433 sunt
1642 392 1717 432 hae

232 465 363 513 partes
391 463 492 501 inter
520 473 562 501 se
596 463 793 501 turbatae:
832 474 921 501 nam
951 463 1014 510 iis,
1053 473 1154 510 quae
1182 473 1221 511 p.
1242 462 1279 509 6,
1296 462 1445 510 20-8,
1463 462 1487 499 9
1522 463 1716 511 leguntur,

232 542 311 568 non
339 529 590 579 Theogoniae
618 530 838 569 Hesiodeae
866 529 1108 579 principium,
1148 528 1216 568 sed
1246 528 1398 568 Saturni
1427 528 1584 568 fabulae
1613 529 1717 579 apud

231 596 443 637 Hesiodum
473 596 610 637 obviae
640 597 895 648 explicantur,
925 595 1066 636 deinde
1085 596 1299 646 insequitur
1319 595 1465 636 Oceani
1484 598 1523 636 et
1541 595 1716 646 Tethyos

231 665 500 719 interpretatio
540 665 720 716 physica,
759 667 799 705 in
839 677 916 715 qua
955 666 1038 704 sine
1075 664 1191 704 dnbio
1219 665 1380 704 Homeri
1414 676 1548 705 versus
1577 662 1620 710 Ξ
1635 665 1712 704 201

231 734 450 785 respicitur.
507 734 593 773 Huc
623 734 783 783 aceedit,
819 734 923 784 quod
951 734 1021 773 ille
1051 733 1353 783 commentarius,
1384 745 1497 783 quem
1526 733 1717 773 Cornutus

230 803 448 852 exscripsit,
489 803 582 841 olim
618 803 783 853 amplior
819 802 937 842 fuisse
975 801 1140 850 videtur,
1183 812 1348 851 quocum
1373 802 1463 840 *non
1492 801 1608 840 video
1639 813 1714 851 quo

229 872 345 920 pacto
394 870 558 908 aliarum
606 870 898 919 theogoniarum
947 870 1230 920 explicationes
1279 872 1317 908 et
1366 882 1434 909 eae
1476 870 1550 908 illo
1594 871 1715 908 multo

229 937 427 977 breviores
456 937 511 976 ita
539 937 769 976 coniunctae
799 948 883 976 esse
912 937 1118 987 potuerint,
1147 939 1190 975 ut
1217 939 1407 987 perpetua
1434 937 1606 989 narratio
1626 949 1714 987 pro-

230 1005 342 1043 diret.
384 1004 462 1044 Sed
492 1005 714 1043 coniectura
733 1004 962 1043 Reinhardti
990 1005 1031 1042 in
1056 1005 1189 1054 primis
1210 1015 1257 1043 eo
1277 1004 1445 1053 fulcitur,
1475 1003 1578 1053 quod
1597 1005 1714 1044 inter-

228 1072 507 1123 pretationibus
556 1072 707 1113 Oceani
755 1075 793 1111 et
840 1071 1032 1122 Tethyos,
1081 1084 1181 1122 quae
1229 1072 1270 1111 in
1317 1072 1389 1111 illo
1439 1073 1714 1113 commentario

229 1142 424 1191 leguntur,
461 1140 597 1179 eadem
632 1140 715 1179 fere
744 1141 843 1180 ratio
872 1141 1032 1179 subesse
1061 1140 1215 1179 videtur
1244 1143 1360 1190 atque
1390 1141 1509 1191 capiti
1528 1142 1565 1179 8.
1614 1141 1714 1179 Huic

229 1211 456 1259 argumento
491 1208 655 1248 fortasse
690 1221 768 1248 non
802 1209 961 1247 nimium
991 1209 1229 1248 auctoritatis
1257 1208 1504 1248 tribuendum
1533 1211 1612 1248 est:
1647 1222 1714 1249 ne-

228 1289 303 1326 que
332 1277 434 1315 enim
463 1277 566 1314 omni
596 1288 617 1315 e
646 1279 758 1326 parte
788 1277 1068 1326 explicationes
1098 1279 1326 1326 congruunt,
1357 1276 1537 1315 differunt
1567 1277 1713 1316 Oceani

227 1344 461 1393 veriloquia3
499 1343 673 1392 Tethyos
708 1355 802 1382 vero
836 1344 896 1382 vis
936 1343 1114 1382 similiter
1148 1345 1264 1393 atque
1299 1344 1340 1381 in
1376 1344 1535 1383 Cornuti
1571 1344 1710 1384 libello

229 1413 459 1461 explanatur
503 1412 543 1449 in
580 1412 713 1450 Procli
758 1411 919 1450 scholiis
965 1411 1017 1450 ad
1055 1411 1233 1450 Platonis
1272 1411 1489 1460 Oratylum:
1530 1413 1713 1462 perlegas

228 1491 374 1528 quaeso
414 1479 512 1518 haee
547 1479 613 1529 (ad
643 1479 745 1518 Crat.
774 1491 811 1529 p.
840 1478 957 1517 4021>
973 1490 1005 1527 e,
1042 1479 1199 1518 CXLIV
1217 1491 1254 1529 p.
1276 1479 1326 1517 81
1359 1480 1533 1529 Pasqu.):
1563 1471 1656 1520 Ὅτι
1686 1476 1710 1521 ὁ

224 1542 424 1594 Ὠκεανὸς
454 1539 590 1586 ἅπασι
619 1545 697 1598 τῆς
728 1539 869 1596 ὀξείας
899 1544 973 1585 καὶ
1004 1538 1298 1600 ἀκμαιοτάτης
1329 1543 1545 1599 ἐνεργείας
1571 1543 1713 1595 αἴτιός

227 1611 318 1654 ἐστι
355 1619 450 1663 τοῖς
488 1615 613 1661 θεοῖς
652 1611 726 1654 καὶ
765 1613 858 1654 τῶν
898 1611 1160 1667 διακρίσεων
1198 1613 1291 1654 τῶν
1330 1627 1378 1654 τε
1413 1609 1608 1667 πρώτων
1638 1613 1712 1655 καὶ

226 1679 376 1734 μέσων
389 1679 464 1721 καὶ
479 1679 748 1721 τελευταίων
764 1676 1019 1734 διακόσμων
1034 1673 1330 1734 ἆφοριστικός,
1350 1680 1404 1732 τῇ
1417 1679 1499 1734 μὲν
1515 1677 1712 1735 ω’κύτητι

225 1749 311 1790 τοῦ
339 1749 423 1790 νοῦ
451 1744 565 1802 πρὸς
594 1744 754 1789 ἑαυτὸν
784 1745 1137 1802 ἐπεστραμμένος
1166 1746 1240 1789 καὶ
1269 1744 1346 1797 τὰς
1375 1746 1539 1796 οἰκείας
1566 1740 1711 1802 ἀρχάς,

225 1813 375 1857 πάντα
404 1809 443 1857 δ’
463 1809 537 1867 ἀφ’
563 1811 726 1857 ἑαυτοῦ
754 1816 893 1856 κινῶν
924 1813 984 1863 εἰς
1012 1811 1091 1864 τὰς
1119 1813 1284 1863 οἰκείας
1315 1813 1466 1864 αὐτοῖς
1494 1813 1711 1869 ἐνεργείας

225 1883 300 1926 καὶ
333 1883 517 1925 τελειοῦν
551 1879 630 1932 τὰς
659 1880 865 1937 δυνάμεις
893 1881 1042 1924 αὐτῶν
1072 1881 1145 1924 καὶ
1178 1875 1494 1932 ἀνεκλείπτους
1523 1876 1710 1938 ἀπεργα-

225 1947 418 2006 ζόμενος.
484 1947 511 2007 ἡ
550 1949 597 1993 δὲ
632 1946 779 2006 Τηθύς
815 1948 899 2007 τὴν
946 1945 1090 2006 μονήν
1131 1948 1331 2006 ἐντίθησι
1372 1957 1466 2001 τοῖς
1500 1947 1593 1993 ὑπὸ
1628 1952 1711 1993 τοῦ

221 2018 431 2060 Ὠκεανοῦ
476 2017 756 2070 κινουμένοις
791 2032 831 2059 κ.
853 2033 890 2059 τ.
913 2021 952 2059 λ.
1020 2020 1210 2058 Nimirum
1253 2019 1327 2058 hae
1372 2021 1710 2069 interpretationes

225 2088 337 2138 nugis
365 2088 622 2127 recentiorum
642 2087 930 2127 Platonicorum
952 2099 973 2126 e
993 2090 1121 2127 mente
1142 2087 1254 2127 dictis
1276 2087 1435 2127 obrutae
1455 2090 1554 2136 sunt,
1583 2100 1709 2138 neque

224 2154 327 2194 unde
355 2155 552 2204 fluxerint,
589 2166 661 2204 pro
691 2156 795 2194 certo
825 2155 1107 2204 exploratoque
1135 2155 1377 2204 pronuntiari
1404 2155 1508 2193 licet.
1565 2156 1709 2194 Verum

225 2226 356 2262 tamen
395 2223 436 2262 id
474 2222 579 2262 haud
607 2223 706 2262 levis
735 2222 887 2262 videtur
915 2223 1099 2262 momenti
1127 2234 1230 2271 esse,
1259 2223 1362 2272 quod
1391 2222 1452 2262 his
1480 2225 1522 2262 in
1550 2223 1709 2263 scholiis

224 2291 380 2330 illarum
409 2290 639 2331 Homericae
673 2289 948 2342 philosophiae
984 2291 1284 2341 explicationum
1312 2290 1477 2341 vestigia
1506 2301 1708 2331 occurrere

224 2359 419 2398 videntur:
450 2360 723 2410 contempleris
752 2371 896 2409 quaeso
916 2359 1014 2399 haec
1034 2359 1101 2410 (ad
1120 2361 1221 2398 Plat.
1242 2360 1342 2399 Orat.
1362 2372 1398 2409 p.
1416 2360 1542 2407 4040,
1571 2360 1708 2400 CLXX

223 2438 260 2477 p.
282 2427 334 2466 93
364 2427 537 2478 Pasqu.):
569 2421 795 2481 σύμβολον
826 2424 908 2481 γάρ
939 2423 1058 2468 ἐστιν
1087 2418 1112 2468 ὁ
1142 2418 1226 2481 ἀὴρ
1257 2426 1415 2480 ψυχῆς,
1445 2418 1603 2468 xa19'3
1631 2425 1707 2467 καὶ

222 2493 399 2547 πνεῦμα
426 2493 599 2547 λέγεται
628 2493 655 2550 ἡ
685 2490 819 2548 ψυχή,
849 2487 996 2548 ὥσπερ
1021 2493 1094 2535 καὶ
1121 2490 1173 2535 τό
1199 2495 1291 2548 πῦρ
1312 2492 1447 2535 εἰκών
1467 2492 1588 2535 ἐστιν
1607 2494 1705 2545 νοῦ,

224 2557 277 2603 τὸ
309 2559 355 2602 δὲ
389 2554 513 2616 ὕδωρ
542 2561 619 2618 τῆς
649 2557 967 2617 κοσμοτρόφου
996 2557 1190 2615 φύσεως,
1224 2555 1279 2603 δι’
1310 2553 1364 2603 οὗ
1394 2561 1515 2604 πᾶσα
1540 2561 1705 2616 γίνεται

221 2775 254 2811 N
335 2718 364 2819 ΙΙ)
387 2715 442 2754 Cf.
465 2717 573 2754 etiam
597 2717 798 2765 Gruppium
821 2718 857 2755 in
880 2718 1095 2756 Reinhardti
1116 2718 1199 2755 libri
1223 2729 1374 2756 censura
1397 2719 1438 2755 B.
1455 2718 1514 2765 ph.
1532 2718 1588 2755 W.
1616 2720 1699 2754 1911

254 2786 280 2811 r.
300 2777 340 2810 15
361 2777 402 2810 16
426 2784 458 2819 p.
479 2776 556 2809 473.
