2096 3129
362 136 416 174 24

361 243 507 303 τροφὴ
537 247 611 288 καὶ
639 243 830 302 αὔξησις,
861 245 887 301 ἡ
909 246 956 288 δὲ
976 247 1030 302 γῆ
1052 245 1255 300 σώματος
1277 241 1348 288 διὰ
1368 241 1420 288 τὸ
1440 243 1558 300 παχύ
1581 245 1650 287 καὶ
1676 242 1847 286 ἔνυλον.

363 312 432 357 διὸ
468 311 772 368 αἰνιττόμενος
807 314 945 355 τοῦτο
972 307 1163 368 Ὅμηρος
1202 316 1256 364 (0
1280 317 1331 354 18
1343 317 1414 365 sq.)
1453 320 1575 355 ποιεῖ
1609 305 1850 367 τὴνἽΙραν

363 381 652 436 κρεμαμένην,
683 377 775 422 ὑπὸ
808 379 856 421 δὲ
885 387 981 429 τοῖς
1009 380 1146 421 ποσὶν
1176 376 1313 437 αὐτῆς
1343 375 1540 435 ἄκμονας
1569 378 1652 422 δύο
1670 391 1679 400 ·
1712 376 1736 421 ὁ
1768 374 1850 433 γὰρ

361 443 445 504 ἀὴρ
474 445 684 490 κάτωθεν
716 444 878 490 ἑαυτοῦ
908 441 964 490 τὰ
994 442 1077 488 δύο
1102 441 1331 502 βαρύτατα
1352 455 1542 502 στοιχεῖα
1562 443 1850 504 κεκλήρωται,

363 511 478 558 ἀλλὰ
507 515 581 556 καὶ
611 512 664 556 τὸ

474 576 579 639 ἠέρα
609 575 647 624 d‘
667 576 775 637 (Ἡρη

474 649 613 691 πίτνα
657 646 832 703 πρόσθε
877 650 1066 700 βαθεῖαν
1104 651 1163 698 (Φ
1184 651 1293 700 6sq.;
1333 650 1382 689 cf.
1408 651 1499 690 Vita
1532 651 1689 689 Homeri
1729 662 1760 688 6.
1782 650 1851 700 96)

362 718 438 774 τῆς
466 710 604 771 αὐτῆς
634 713 810 765 ἐννοίας
839 714 958 757 ἐστὶν
990 714 1065 756 καὶ
1094 711 1146 757 τὸ

473 779 625 839 ἠέλιον
654 781 886 837 α’κάμαντα
917 816 926 824 .
949 816 957 824 .
983 816 991 825 .
1022 779 1188 825 πότνια
1207 777 1316 837 (Ἡρη

473 851 649 905 πέμψεν
680 844 749 892 ἐπ’
778 845 1001 892 Ὠκεανοῖο
1033 847 1139 904 ῥοάς
1169 852 1230 901 (Σ
1247 852 1327 889 239
1340 853 1424 901 sq.).

476 914 560 974 τὴν
598 914 680 972 γὰρ
716 913 974 972 παχυτάτην
1016 913 1089 958 διὰ
1123 918 1203 970 τῆς
1232 910 1363 970 (Ἠρας
1393 918 1636 973 γενομένην
1668 916 1852 972 ὁμίχλην

361 987 445 1027 τοῦ
483 983 617 1040 ἡλίου
653 981 783 1026 δύσιν
818 986 947 1025 καλεῖ
980 986 1083 1034 (611111
1118 985 1426 1034 insequentibus,
1464 986 1602 1035 quibus
1638 987 1853 1036 explicatur

362 1057 463 1093 Plat.
493 1055 596 1094 Crat.
617 1054 700 1092 404
712 1065 745 1102 c,
781 1053 959 1092 conferas
988 1054 1153 1103 Diogen.
1182 1053 1228 1091 fr.
1250 1054 1303 1091 33
1314 1054 1424 1103 Arn.,
1463 1054 1660 1104 Athenag.
1689 1066 1721 1093 6.
1741 1054 1853 1092 XXII

363 1135 400 1172 p.
424 1123 515 1170 139,
537 1123 584 1159 17
617 1121 807 1160 Geffcken
837 1123 875 1159 et
903 1133 940 1170 p.
962 1121 1042 1158 209
1065 1120 1153 1159 adn.
1179 1121 1228 1170 1).
1272 1121 1498 1160 Consentire
1517 1133 1611 1160 vero
1632 1133 1716 1160 cum
1736 1122 1853 1160 inter-

363 1191 639 1240 pretationum,
679 1200 779 1238 quae
809 1187 912 1238 apud
943 1189 1154 1228 Cornutum
1185 1200 1216 1226 c.
1238 1190 1264 1226 8
1293 1189 1552 1237 proferuntur,
1581 1190 1729 1228 ratione
1757 1190 1853 1228 alle-

361 1258 510 1307 goriam
549 1268 728 1295 versuum
759 1255 799 1297 A
828 1257 908 1294 399
920 1267 1004 1305 sqq.
1032 1268 1071 1306 p.
1092 1257 1144 1293 27
1181 1259 1345 1306 apparet
1383 1257 1537 1295 collatis
1572 1256 1649 1296 his:
1688 1269 1725 1307 p.
1746 1258 1852 1305 8,16

362 1316 496 1365 οὐδὲν
527 1321 565 1365 δ’
586 1317 640 1364 ἂν
666 1312 735 1379 ἦν,
767 1321 804 1364 εἰ
831 1318 1032 1376 θάτερον
1059 1316 1246 1376 ἄμικτον
1273 1320 1520 1377 ἐπεκράτει,
1549 1337 1586 1374 p.
1609 1325 1675 1373 27,
1693 1326 1716 1362 9
1744 1317 1852 1376 ὅπερ

361 1390 549 1445 ἐγένετο,
586 1389 623 1431 εἰ
658 1386 711 1432 τὸ
750 1382 891 1444 ὑγρὸν
931 1385 1200 1444 ἐπεκράτησε
1238 1390 1312 1430 καὶ
1348 1388 1610 1446 ὲξυδατώθη
1646 1388 1792 1432 πάντα
1827 1386 1853 1444 ἢ

362 1454 415 1500 τὸ
455 1459 548 1512 πῦρ
588 1457 663 1498 καὶ
707 1454 971 1512 ἐξεπυρώθη
1012 1454 1036 1499 ὁ
1075 1455 1170 1513 α’ήρ.
1238 1459 1377 1508 Neque
1422 1460 1502 1497 scio
1547 1472 1597 1497 an
1637 1459 1783 1499 Oceani
1817 1464 1855 1498 et

364 1527 540 1576 Tethyos
569 1527 919 1576 interpretationes,
949 1538 1048 1575 quae
1079 1538 1163 1576 cap.
1186 1527 1212 1564 8
1241 1528 1433 1576 leguntur,
1464 1527 1613 1565 etiamsi
1638 1526 1856 1577 discrepant

367 1596 415 1633 ab
446 1596 504 1641 iis,
535 1606 636 1643 quae
666 1595 706 1631 in
735 1593 842 1632 fonte
872 1594 1073 1632 Heraclito
1105 1597 1143 1632 et
1163 1595 1277 1633 Vitae
1298 1595 1457 1632 Homeri
1486 1595 1635 1632 auctori
1665 1595 1855 1632 communi

363 1661 428 1710 (cf.
458 1662 615 1701 Heracl.
643 1672 678 1709 p.
702 1661 772 1709 33)
811 1663 850 1698 et
888 1660 991 1710 apud
1021 1672 1086 1699 eos
1123 1661 1350 1710 scriptores,
1390 1661 1456 1710 qui
1494 1661 1639 1699 similes
1679 1660 1855 1699 adierunt

363 1729 490 1767 fontes
520 1728 584 1777 (cf.
615 1728 745 1766 adnot.
775 1727 825 1765 ad
845 1729 1002 1766 Heracl.
1031 1741 1068 1777 p.
1091 1729 1173 1777 33),
1202 1729 1395 1777 leguntur,
1425 1731 1554 1766 tamen
1585 1728 1651 1765 illi
1681 1729 1854 1766 Homeri-

364 1807 494 1835 carum
532 1795 893 1845 interpretationum
932 1794 1033 1834 libro
1069 1794 1328 1834 vindicandae
1359 1795 1451 1844 sint,
1493 1794 1554 1834 cui
1584 1806 1716 1846 supra,
1756 1807 1854 1846 qnae

363 1866 554 1903 Cornutus
586 1876 623 1912 p.
645 1864 697 1900 26
710 1875 765 1911 sq.
795 1863 954 1912 profert,
984 1864 1198 1912 adsignavi.
1248 1864 1324 1902 Sed
1355 1863 1429 1900 hac
1459 1863 1507 1900 de
1529 1875 1571 1900 re
1591 1866 1675 1901 utut
1693 1864 1854 1912 iudicas,

365 1934 469 1972 certe
507 1931 548 1970 in
588 1930 745 1970 dubium
784 1931 916 1971 venire
955 1930 1121 1980 videtur,
1161 1943 1253 1971 num
1283 1929 1500 1971 Reinhardt
1538 1933 1642 1971 recte
1681 1933 1855 1971 statuerit

364 2000 632 2038 commentarii
660 1999 880 2037 Hesiodeae
910 1999 1165 2048 Theogoniae
1195 1999 1464 2048 fragmentum,
1495 1999 1600 2047 quod
1629 1999 1733 2048 apud
1763 2000 1854 2038 Cor-

363 2070 496 2106 nutum
534 2068 728 2106 servatum
767 2069 841 2115 est,
881 2066 1052 2106 eiusdem
1087 2067 1218 2106 libelli
1254 2066 1390 2106 eadem
1421 2078 1442 2105 e
1473 2068 1583 2116 parte
1615 2065 1854 2117 desumptum

363 2147 448 2174 esse
478 2137 594 2184 atque
623 2135 964 2183 interpretationes
994 2135 1132 2184 capitis
1163 2135 1200 2172 8.

477 2203 687 2252 Reliquum
717 2204 786 2251 est,
815 2204 856 2240 ut
885 2201 1122 2251 inquiramus
1152 2203 1192 2240 in
1223 2202 1352 2252 capita
1373 2201 1494 2249 3—5‚
1525 2212 1623 2250 quae
1643 2200 1857 2241 Reinhardt

362 2271 413 2310 ad
453 2271 616 2310 eandem
656 2270 889 2320 theogoniae
919 2271 1222 2321 explicationem
1251 2271 1447 2321 pertinere
1478 2269 1687 2309 contendit.
1744 2271 1855 2310 Hanc

363 2339 597 2389 theogoniae
627 2340 778 2388 partem
807 2339 863 2376 ita
892 2339 1043 2377 restitui
1072 2340 1167 2387 vult,
1198 2342 1240 2378 ut
1268 2341 1357 2388 post
1383 2338 1522 2387 capitis
1545 2338 1567 2375 9
1590 2338 1747 2386 initium,
1778 2350 1854 2388 quo

364 2408 543 2457 Iuppiter
573 2406 732 2446 deorum
761 2406 1036 2456 hominumque
1064 2410 1175 2457 pater
1205 2406 1410 2454 inducitur,
1441 2408 1650 2455 sequantur
1669 2418 1725 2455 ea,
1756 2419 1855 2456 quae

364 2487 397 2514 6.
419 2476 443 2513 3
474 2477 681 2513 narrantur
710 2473 758 2513 de
787 2474 952 2523 Iunone,
992 2486 1023 2514 6.
1045 2475 1071 2512 4
1102 2474 1150 2514 de
1179 2475 1380 2525 Neptuno,
1421 2484 1452 2512 6.
1474 2473 1498 2512 5
1529 2472 1578 2512 de
1608 2474 1697 2513 Dite
1732 2477 1855 2524 patre.

364 2542 442 2582 Sed
471 2542 590 2581 haec:
621 2538 646 2582 ὁ
679 2538 788 2589 Ζεὺς
816 2539 963 2597 πατὴρ
996 2541 1167 2595 λέγεται
1197 2541 1321 2583 θεῶν
1351 2539 1425 2581 καὶ
1455 2536 1714 2594 ἀνθρώπων
1744 2536 1856 2582 εἶναι

366 2606 439 2650 διὰ
471 2605 523 2650 τὸ
555 2605 638 2664 τὴν
666 2608 751 2649 τοῦ
781 2604 951 2662 κόσμου
980 2605 1115 2661 φύσιν
1147 2607 1293 2650 αἰτίαν
1323 2605 1554 2662 γεγονέναι
1583 2608 1661 2663 τῆς
1679 2605 1857 2651 τούτων

361 2671 669 2724 ὑποστάσεως,
706 2666 766 2723 ὡς
805 2673 848 2715 οἱ
887 2675 1072 2729 πατέρες
1110 2676 1297 2730 γεννῶσι
1337 2673 1393 2715 τὰ
1424 2673 1560 2716 τέκνα
1589 2689 1667 2715 11011
1694 2680 1856 2726 possunt

363 2747 529 2795 excepta
568 2743 686 2782 fuisse
727 2744 1067 2793 explicationibus,
1106 2757 1206 2794 quae
1246 2755 1350 2783 nunc
1390 2744 1579 2793 capitibus
1615 2745 1724 2784 3-—5
1765 2757 1855 2784 con-
