2096 3129
792 805 1083 852 Praefatio,

311 895 448 933 Exstat
482 894 643 934 libellus
679 905 757 932 non
793 894 848 932 ita
878 893 1046 943 amplus,
1085 904 1161 942 quo
1190 891 1388 942 theologia
1417 890 1568 931 Graeca
1598 902 1684 941 per-

201 961 409 1011 stringitur.
456 961 639 1000 Auctoris
668 972 811 1000 nomen
838 960 991 999 variant
1020 959 1189 999 codices:
1220 959 1338 998 alteri
1367 959 1468 1001 enim
1496 958 1685 1009 praebent

199 1022 477 1082 Κορνούτου,
516 1029 631 1068 alteri
675 1022 969 1082 Φουρνούτου
1008 1028 1088 1068 sive
1133 1022 1412 1082 Φορνούτου.
1471 1025 1548 1066 Sed
1587 1025 1685 1065 haec

199 1097 364 1137 nominis
406 1097 545 1146 forma,
588 1108 689 1147 quae
732 1097 773 1135 in
816 1096 1067 1137 deterioribus
1111 1095 1308 1136 codicibus
1351 1095 1511 1146 legitur,
1556 1095 1687 1134 nullus

200 1165 351 1214 dubito,
389 1166 482 1215 quin
521 1166 731 1204 scribarum
769 1165 852 1204 sive
887 1166 1037 1204 incuria
1075 1165 1156 1204 sive
1194 1164 1413 1214 ignorantia
1452 1166 1538 1203 orta
1549 1165 1578 1213 ¹)
1612 1163 1686 1202 rei-

200 1233 338 1272 cienda
366 1234 426 1272 sit.
475 1234 535 1273 De
564 1234 691 1272 altera
719 1235 848 1272 autem
875 1233 1136 1283 inscriptionis
1164 1235 1276 1283 parte
1296 1244 1375 1271 non
1395 1232 1489 1271 satis
1510 1233 1687 1271 constare

198 1300 364 1339 videtur.
412 1300 537 1339 Valde
567 1302 680 1348 enim,
715 1313 814 1350 quae
843 1300 996 1340 codices
1025 1301 1223 1350 praebent,
1251 1301 1353 1339 inter
1383 1312 1424 1339 se
1454 1300 1687 1349 discrepant,

200 1370 238 1407 et
265 1368 320 1406 ita
349 1367 553 1407 discedunt
581 1368 767 1407 librorum
797 1369 958 1416 classes,
987 1370 1030 1406 ut
1058 1368 1182 1418 prima
1211 1367 1394 1407 exhibeat
1420 1362 1687 1421 Κορνούτου

200 1431 415 1490 ἐπιδρομὴ
444 1434 538 1475 τῶν
566 1429 682 1474 κατὰ
710 1430 791 1489 τὴν
808 1425 1062 1490 Ἑλλήνικὴν
1081 1432 1280 1489 θεωρίαν
1300 1431 1687 1488 παραδεδομένων,

199 1502 394 1542 secundae
423 1503 558 1541 classis
589 1515 609 1541 e
638 1502 750 1541 libris
778 1503 966 1553 plerique,
996 1503 1136 1553 quibus
1163 1502 1355 1542 accedunt
1375 1501 1530 1541 codices
1548 1502 1687 1541 tertiae

205 1570 343 1608 classis
364 1568 535 1608 familiae
552 1570 723 1617 alterius,
739 1570 952 1620 praebeant
979 1566 1271 1623 Φουρνούτου
1293 1567 1465 1622 θεωρία
1486 1566 1588 1621 περὶ
1609 1567 1687 1624 τῆς

200 1637 294 1678 τῶν
313 1636 440 1678 θεῶν
461 1633 645 1690 φύσεως,
665 1638 847 1677 nonnulli
868 1637 918 1677 ad
939 1639 1107 1678 auctoris
1121 1650 1263 1678 nomen
1279 1638 1406 1677 statim
1422 1638 1536 1688 primi
1551 1637 1688 1687 capitis

205 1716 305 1754 quae
333 1704 455 1743 fertur
473 1705 763 1755 inscriptionem
783 1705 1007 1759 adiungant.
1055 1704 1168 1752 Quod
1188 1708 1315 1744 autem
1336 1706 1376 1743 in
1395 1705 1532 1744 tertiae
1553 1704 1690 1744 classis

199 1772 348 1811 familia
386 1786 414 1812 α
452 1773 633 1821 traditur,
671 1773 713 1811 id
751 1786 800 1812 ex
838 1774 1105 1823 inscriptione,
1145 1786 1244 1823 quae
1282 1775 1324 1811 in
1361 1774 1508 1823 primae
1549 1773 1686 1811 classis

200 1840 311 1878 libris
339 1840 450 1888 inest,
479 1839 670 1879 detortum
696 1852 779 1879 esse
809 1840 973 1880 videtur.
1021 1840 1099 1881 Sed
1118 1840 1272 1880 accedit
1291 1840 1399 1879 aliud
1418 1840 1688 1879 testimonium.

201 1906 447 1957 Manifestum
486 1908 588 1946 enim
627 1910 685 1947 est
724 1921 772 1947 ex
810 1920 857 1948 eo
894 1921 1007 1958 quem
1042 1910 1219 1948 manibus
1253 1912 1427 1948 tenemus
1456 1909 1577 1957 libro,
1617 1909 1689 1948 etsi

202 1976 335 2026 paucis
372 1976 527 2014 mutatis
565 1977 729 2025 aliisque
770 1977 935 2025 omissis,
975 1978 1210 2027 exscriptum
1249 1988 1351 2025 esse,
1391 1976 1497 2027 quod
1524 1977 1566 2015 111
1594 1977 1689 2025 Ety-

203 2044 397 2094 mologico
440 2044 582 2094 Magno
627 2045 696 2083 sub
739 2055 836 2084 voce
880 2039 988 2092 Ζεύς
1030 2046 1174 2095 legitur
1216 2045 1275 2096 (p.
1302 2045 1398 2093 408,
1425 2045 1478 2083 52
1523 2043 1685 2094 Gaisf.):

203 2110 464 2164 Κορνοῦτος
499 2108 547 2150 ἑν
580 2111 644 2164 τῷ
678 2109 778 2164 περὶ
811 2108 1061 2165 Ἑλληνικῆς
1095 2110 1335 2166 θεολογίας
1371 2109 1505 2166 φησὶν
1534 2124 1574 2151 κ.
1591 2123 1630 2152 τ.
1648 2111 1686 2151 λ.

202 2178 322 2219 Vides
366 2179 482 2229 igitur
524 2178 598 2219 hoc
641 2180 860 2219 testimonio
905 2181 1073 2220 auctoris
1112 2193 1270 2229 nomen,
1315 2180 1418 2230 quod
1456 2181 1497 2218 in
1536 2181 1690 2230 optimis

203 2246 402 2286 codicibus
441 2247 551 2296 inest,
590 2247 762 2297 probari,
801 2258 942 2286 novam
981 2251 1108 2288 autem
1143 2248 1405 2299 inscriptionis
1440 2247 1600 2287 formam
1629 2247 1689 2297 iis,

203 2326 299 2364 quas
338 2314 493 2355 codices
536 2314 708 2364 tradunt,
747 2315 849 2354 addi.
907 2316 965 2355 Eo
1004 2319 1132 2356 autem
1171 2317 1357 2367 Langius,
1397 2315 1525 2355 editor
1561 2317 1690 2356 libelli

201 2383 497 2431 recentissimus,
525 2382 678 2432 refugit,
707 2385 750 2422 ut
777 2383 1070 2434 inscriptionem
1098 2384 1246 2434 primae
1276 2384 1412 2423 classis
1431 2384 1691 2434 Etymologici

203 2461 276 2499 ope
305 2451 516 2501 corrigeret
545 2453 583 2490 et
612 2450 715 2490 hunc
744 2450 952 2501 refingeret
979 2452 1150 2491 titulum:
1181 2444 1448 2506 Κορνούτου
1474 2446 1690 2506 ἒπιδρομὴ

201 2515 298 2556 τῶν
325 2512 442 2557 κατὰ
467 2513 550 2573 τὴν
576 2509 832 2574 Ἑλληνικὴν
860 2517 1103 2572 θεολογίαν
1133 2517 1522 2573 παραδεδομένων.
1576 2518 1690 2566 Quod

201 2583 303 2623 idem
337 2584 437 2624 inest
470 2585 512 2624 in
547 2586 681 2626 codice
717 2586 884 2637 quodam
922 2588 1059 2627 classis
1087 2588 1226 2628 tertiae
1255 2587 1420 2627 fortasse
1448 2588 1690 2627 Bessarionis

203 2664 318 2691 manu
356 2653 653 2704 conscriptus,2)
692 2655 733 2693 id
771 2656 929 2695 levioris
964 2655 1119 2695 videtur
1153 2656 1335 2695 momenti
1370 2667 1472 2705 esse,
1509 2656 1689 2706 quoniam

317 2774 347 2818 ι)
370 2772 425 2810 ef.
448 2774 576 2820 Langii
598 2776 710 2820 praef.
734 2787 770 2822 p.
787 2776 816 2813 1.

317 2831 348 2875 ²)
371 2829 427 2866 Cf.
451 2830 580 2876 Langii
602 2832 716 2877 praef.
739 2844 775 2878 p.
792 2833 861 2870 XV
878 2836 929 2871 19.

274 2899 351 2929 mss.
367 2899 440 2927 Hel.
458 2897 540 2932 xm,
553 2899 579 2927 1.
1469 2906 1484 2938 1
