2096 3129
394 170 450 209 86

392 281 577 331 legimus:
617 280 749 320 vultus
787 280 909 319 hilari
949 283 1059 327 sumt,
1105 282 1241 330 quales
1279 282 1407 321 solent
1443 292 1541 327 esse,
1580 281 1648 329 qui
1685 281 1786 319 dant
1821 281 1884 320 vel

394 349 594 398 ace-'mium
636 347 830 396 beneficia.
902 347 1096 387 Cornutus
1140 351 1268 388 autem
1317 347 1480 387 eandem
1524 347 1882 398 interpretationem

394 415 445 455 ad
483 416 759 466 etymologiam
797 415 906 455 vocis
945 411 1146 469 Χάριτες,
1186 428 1303 466 quam
1337 413 1622 466 Apollodorum
1661 416 1882 466 amplexum

394 494 478 523 esse
509 485 675 531 constat,
705 482 993 533 explanandam
1021 484 1230 523 transtulit.
1281 484 1418 534 Neque
1447 494 1541 522 vero
1571 483 1650 523 scio
1680 494 1748 531 an,
1777 483 1883 533 quod

394 563 418 589 a
452 550 623 590 Cornuto
664 542 850 603 Εὐάνθη
889 552 928 589 et
966 547 1108 604 Αἴγλη
1153 549 1286 599 (Galez
1326 542 1512 604 ἀγλαίην
1550 549 1679 599 codd.)
1717 562 1881 590 comme-

394 620 577 666 moratur,
600 616 642 656 id
661 617 804 657 rectius
823 616 1060 668 Apollodori
1080 617 1279 657 doctrinae
1299 618 1509 658 tribuatur:
1539 617 1716 657 conferas
1736 629 1882 668 quaeso

394 685 494 725 haec
543 684 754 735 Hesychii:
802 682 970 739 Αἴγλης
1019 679 1208 738 Χάριτες
1231 695 1240 705 ·
1290 685 1498 734 πιθανῶς
1542 680 1883 740 ἐγενεαλόγησαν

397 749 592 807 Χάριτας
630 750 796 807 Αἴγλης
834 750 909 793 καὶ
941 748 1101 802 Ἡλίου,
1140 746 1291 806 ἐπειδὴ
1331 749 1412 802 τὰς
1449 746 1645 807 Χάριτας
1681 748 1884 807 λαμπρὰς

397 815 511 860 εἶναι
541 818 620 860 δεῖ.
633 822 664 870 ¹)
712 821 771 858 Ea
800 823 929 858 autem
957 821 1068 868 ratio,
1098 831 1177 869 qua
1205 820 1423 869 exponitur,
1453 831 1522 858 cur
1550 820 1738 860 Homerus
1766 832 1883 859 unam

396 900 446 927 ex
474 887 619 928 Gratiis
639 887 807 926 Vulcani
835 898 993 926 uxorem
1014 898 1099 926 esse
1118 889 1261 935 narret,
1291 887 1387 937 quin
1406 887 1643 937 Apollodori
1662 888 1722 936 sit,
1750 888 1883 927 nullus

396 955 542 1002 dubito,
572 965 658 992 cnm
678 954 870 993 Cornutus
890 965 947 1003 ea,
973 965 1074 1003 quae
1093 953 1158 992 hic
1177 954 1442 1002 ratiocinatur,
1460 954 1535 992 illa
1552 955 1594 992 in
1613 953 1884 1005 disputatione,

396 1034 474 1072 qua
502 1021 552 1062 de
571 1022 751 1062 Vulcano
779 1022 917 1071 agitur,
956 1034 1074 1072 supra
1102 1022 1347 1072 Apollodoro
1377 1021 1576 1061 vindicata
1603 1021 1665 1061 his
1693 1027 1881 1076 γυναῖκα

397 1087 444 1130 δὲ
488 1080 631 1129 αὐτοῦ
673 1083 755 1144 τὴν
789 1086 1052 1143 Ἀφροδίτην
1098 1084 1268 1141 ἔφασαν
1303 1083 1415 1129 εἶναι
1457 1081 1566 1130 καθ’
1604 1083 1703 1130 οἶον
1747 1083 1884 1143 λόγον

396 1154 471 1197 καὶ
504 1156 599 1197 τῶν
648 1154 860 1210 Χαρίτων
906 1155 1013 1208 μίαν
1056 1157 1110 1207 (p.
1136 1157 1201 1206 34,
1224 1158 1265 1206 6)
1313 1157 1518 1197 manifesto
1566 1158 1757 1208 respiciat.
1829 1158 1885 1197 At

396 1225 589 1276 allegoria
606 1224 790 1264 Mercurii
808 1224 1030 1265 Gratiarum
1058 1225 1252 1275 praestitis
1272 1225 1309 1264 ei
1328 1223 1588 1265 abiudicanda
1607 1227 1647 1264 et
1665 1224 1884 1276 Chrysippo

397 1292 604 1332 tribuenda
652 1292 806 1331 videtur
854 1304 954 1341 esse,
1003 1304 1119 1342 quam
1163 1294 1327 1343 apparet
1375 1292 1548 1332 Senecae
1598 1292 1659 1331 his
1709 1305 1798 1343 erqo
1849 1296 1887 1332 et

396 1361 617 1400 Mercurius
656 1372 741 1399 ωηο
778 1362 876 1409 stat,
921 1371 1003 1399 non
1041 1362 1136 1409 quia
1175 1360 1361 1409 beneficia
1397 1361 1502 1399 ratio
1542 1361 1788 1400 commendat
1825 1362 1887 1400 vel

399 1430 543 1475 oratio,
580 1429 651 1468 sed
684 1429 779 1477 quia
804 1429 953 1477 pictori
985 1429 1045 1467 ita
1079 1429 1205 1468 viswm
1235 1431 1294 1468 est
1319 1430 1514 1478 tamquam
1543 1429 1786 1479 nugatoriam
1815 1429 1886 1468 im-

397 1497 574 1548 pugnari.

504 1565 648 1614 'Neque
686 1575 782 1602 vero
825 1564 867 1602 in
909 1564 973 1612 iis,
1017 1574 1118 1613 quae
1156 1563 1348 1603 Cornutus
1387 1563 1436 1602 de
1477 1563 1700 1603 Promethei
1738 1563 1884 1604 fabulis

398 1632 568 1682 exponit,
597 1630 836 1681 Apollodori
864 1631 971 1670 ullae
1001 1633 1132 1681 partes
1161 1633 1260 1669 sunt.
1306 1630 1420 1669 Nihil
1449 1631 1622 1680 sequitur
1649 1631 1752 1680 inde,
1781 1631 1886 1681 quod

398 1698 644 1740 Cornutianis
690 1710 728 1749 p.
755 1698 820 1748 32,
841 1698 867 1736 8
883 1709 966 1748 sqq.
1011 1709 1090 1737 non
1136 1697 1340 1737 dissimilia
1377 1700 1481 1748 sunt,
1524 1710 1625 1748 quae
1663 1699 1885 1738 Heraclitus

397 1780 436 1818 p.
457 1767 522 1815 41,
541 1767 592 1805 17
609 1778 694 1817 sqq.
723 1765 882 1817 profert,
910 1778 997 1805 cum
1026 1765 1124 1805 haec
1154 1765 1389 1805 cohaereant
1417 1778 1503 1805 cum
1528 1767 1769 1817 ineptissima
1787 1768 1883 1807 alle·

398 1835 507 1885 goria
526 1835 693 1874 Vulcani
721 1833 771 1874 de
801 1834 913 1874 caelo
943 1833 1095 1887 deiecti,
1125 1846 1240 1884 quam
1269 1834 1303 1873 si
1330 1846 1410 1873 non
1437 1834 1521 1885 ipse
1551 1837 1788 1874 commentus
1817 1837 1886 1884 est,

398 1904 465 1942 ubi
498 1902 708 1950 invenerit,
746 1902 889 1941 nescio.
947 1902 1166 1952 Pleraeque
1197 1904 1325 1942 autem
1353 1901 1573 1941 fabularum
1603 1913 1751 1951 earum,
1790 1914 1887 1952 quas

398 1972 589 2011 Cornutus
617 1972 806 2018 recenset,
834 1969 885 2008 ad
914 1970 1078 2009 moralia
1105 1972 1315 2020 praecepta
1342 1969 1572 2018 referuntur,
1601 1981 1701 2019 quae
1729 1981 1886 2020 prorsus

398 2038 615 2078 Stoicorum
665 2036 896 2087 disciplinae
944 2035 1193 2086 respondent.
1263 2036 1418 2075 Similes
1466 2037 1803 2087 interpretationes
1846 2038 1886 2076 in

398 2105 560 2145 scholiis
597 2104 848 2154 Theogoniae
887 2104 1050 2143 Hesiodi
1084 2104 1134 2143 ad
1163 2116 1226 2143 vv.
1248 2104 1327 2142 511
1351 2106 1390 2143 et
1420 2103 1499 2142 521
1532 2104 1753 2155 adscriptae
1788 2108 1887 2143 sunt.

400 2173 478 2213 Sed
507 2173 717 2213 Cornutum
754 2170 819 2210 hic
858 2183 1011 2221 quoque
1050 2172 1365 2211 commentarium
1395 2171 1646 2219 Hesiodeum,
1685 2174 1727 2210 ut
1761 2175 1888 2224 antea,

400 2241 620 2280 exscribere
671 2239 874 2289 quominus
926 2241 1137 2278 statuamus
1182 2251 1253 2278 nos
1295 2238 1568 2290 praepedimur
1605 2239 1705 2288 illis,
1750 2240 1887 2289 quibus

399 2309 511 2347 illum
560 2307 875 2347 commentarium
923 2306 1038 2345 mittit
1086 2308 1125 2346 et
1168 2306 1219 2345 ad
1256 2306 1529 2346 Prometheum
1572 2307 1886 2357 pertractandum

399 2376 551 2415 transit:
573 2374 656 2416 νῦν
676 2372 724 2416 δὲ
743 2371 801 2415 τὰ
818 2372 1064 2428 βεβοημένα
1083 2368 1207 2427 παρὰ
1224 2380 1319 2423 τοῖς
1337 2372 1563 2422 πλείστοις
1582 2371 1886 2416 ἐπισκεπτέον.

399 2444 527 2482 Etiam
565 2443 607 2481 in
645 2442 904 2492 disputatione
945 2453 1009 2489 ea,
1048 2453 1127 2490 qua
1165 2441 1213 2479 de
1242 2441 1422 2480 Minerva
1456 2441 1594 2490 agitur,
1632 2442 1764 2481 insunt
1791 2453 1888 2481 non-

399 2511 517 2548 nulla
545 2509 761 2549 Stoicorum
800 2520 821 2547 e
860 2511 987 2547 mente
1027 2507 1147 2557 dicta,
1187 2519 1286 2557 quae
1316 2508 1384 2546 vix
1413 2509 1619 2558 quisquam
1644 2508 1887 2559 Apollodoro

399 2576 670 2616 vindicaverit.
733 2576 820 2615 Huc
858 2575 985 2615 refero
1024 2587 1086 2624 ea,
1125 2576 1264 2626 quibus
1303 2576 1503 2615 Minervae
1542 2576 1694 2615 virtutis
1729 2577 1788 2616 vis
1822 2576 1888 2616 ad-

400 2646 577 2695 signatur
606 2644 658 2693 (p.
680 2643 744 2692 35,
763 2644 948 2690 17—19;
979 2643 1045 2691 36,
1065 2643 1210 2692 5—7),
1240 2643 1433 2693 Gorgonis
1460 2643 1651 2694 imaginis,
1681 2655 1796 2694 quam
1815 2645 1888 2683 illa

520 2788 545 2833 ¹)
570 2787 624 2825 Cf.
650 2786 755 2823 Phot.
779 2797 807 2823 s.
823 2797 859 2822 v.
885 2781 1014 2833 Αἴγλη.
1060 2786 1210 2831 Usener,
1234 2786 1492 2823 Gutternamen
1514 2797 1549 2833 p.
1570 2789 1645 2823 135.
