2096 3129
380 168 435 208 96

380 280 561 322 Cratetea
598 282 640 321 in
679 280 837 322 scholiis
877 281 994 322 obvia
1032 283 1121 322 aliis
1155 282 1267 323 libris
1296 281 1518 333 adsignans.
1565 282 1709 322 Verum
1737 283 1868 321 tamen

377 349 532 388 videtur
580 349 644 388 hic
689 351 893 399 scrupulus
941 350 1101 390 Cornuti
1143 350 1364 390 testimonio
1409 350 1545 398 minui3
1588 349 1726 401 opinor
1770 349 1866 389 alibi

378 428 531 466 quoque
560 417 602 455 in
630 408 875 457 Cornutianis
896 418 1061 458 Cratetis
1092 418 1304 458 doctrinam
1333 419 1460 457 latere
1490 420 1529 457 et
1557 417 1608 456 ad
1637 429 1724 457 eum
1752 429 1864 456 revo-

378 484 505 524 canda
544 495 646 534 esse,
687 496 954 536 quaecumque
993 499 1018 526 a
1056 485 1215 526 scholiis
1249 486 1411 526 servatis
1445 485 1666 526 abhorrent.
1726 485 1864 535 Neque

378 554 475 601 scio,
520 566 571 592 an
615 566 695 592 non
740 554 923 594 audacius
968 556 1018 593 sit
1062 556 1250 605 suspicari
1294 555 1406 593 illum
1451 553 1563 592 huius
1601 553 1866 592 commentarii

378 622 574 661 auctorem
605 631 702 661 esse.

490 754 616 807 Supra
665 755 858 797 Cornutea
900 769 937 808 p.
969 756 1035 806 60,
1059 756 1170 796 1-9
1216 759 1255 797 et
1297 769 1335 808 p.
1362 756 1564 805 61,4—9
1613 755 1862 806 Apollodoro

377 823 603 872 abroganda
641 835 726 862 esse
764 824 981 873 suspicatus
1021 834 1105 862 sum
1143 835 1286 873 neque,
1324 834 1424 872 quae
1459 835 1498 873 p.
1520 824 1584 872 60,
1603 822 1766 861 12-15
1797 834 1862 862 ex-

376 893 490 940 stant,
519 891 583 930 illi
611 891 822 932 tribuerim.
880 891 975 932 Cum
1004 892 1050 931 iis
1080 894 1218 940 autem,
1247 903 1348 941 quae
1378 890 1568 931 Cornutus
1597 904 1636 942 p.
1657 892 1722 940 58,
1740 892 1764 930 6
1780 903 1863 940 sqq.

376 959 425 997 de
464 959 612 998 Bacchi
656 962 741 998 ortu
787 959 1014 1008 hariolatur,
1052 962 1212 1010 propter
1250 959 1526 1008 aequalitatem
1571 959 1734 998 rationis
1771 969 1862 998 con-

374 1026 612 1078 iungendam
640 1040 726 1068 esse
755 1031 918 1079 apparet
946 1029 1177 1078 allegoriam
1205 1027 1376 1077 fabulae,
1406 1040 1484 1077 qua
1502 1028 1686 1067 Liberum
1712 1030 1863 1077 patrem

376 1108 401 1134 a
429 1096 635 1135 Titanibus
659 1089 924 1135 ‘dilaceratum
960 1098 999 1135 et
1028 1096 1110 1135 eius
1139 1095 1312 1136 membra
1341 1095 1391 1135 ad
1419 1095 1620 1147 pristinam
1650 1094 1811 1135 formam
1840 1108 1865 1134 a

374 1164 485 1204 Rhea
505 1165 718 1214 composita
738 1176 822 1203 esse
842 1164 1060 1214 perhibent,
1089 1177 1127 1213 p.
1149 1165 1213 1212 62,
1234 1165 1402 1202 10—16
1423 1164 1670 1213 explicatam.
1715 1162 1862 1209 Quibus

375 1242 462 1269 cum
487 1231 827 1280 explanationibus
853 1230 1115 1281 comparanda
1135 1234 1223 1270 sunt
1248 1242 1347 1280 quae
1368 1229 1565 1270 Diodorus
1581 1231 1640 1269 111
1660 1230 1726 1279 62,
1743 1231 1863 1279 quq.

374 1297 535 1347 profert.
592 1299 693 1337 Nam
733 1298 885 1337 etiamsi
913 1298 1108 1337 Diodorus
1146 1301 1186 1336 et
1215 1298 1405 1337 Cornutus
1443 1309 1523 1335 non
1558 1298 1662 1335 omni
1696 1309 1718 1335 e
1752 1300 1863 1347 parte

375 1368 607 1415 congruunt,
646 1368 776 1405 tamen
814 1366 1092 1416 allegoriarum
1130 1366 1317 1414 rationes,
1358 1376 1454 1415 quas
1492 1367 1654 1414 uterque
1694 1364 1863 1412 adhibet,

374 1444 560 1470 summam
605 1431 750 1471 habent
787 1433 1107 1482 cognationem.¹)
1173 1432 1393 1471 Similitudo
1432 1431 1622 1481 quaedam
1661 1431 1864 1470 intercedit

375 1498 491 1538 etiam
520 1499 623 1539 inter
651 1497 767 1539 haec:

636 1586 826 1623 Cornutus.
1453 1585 1562 1623 Diod.

421 1645 529 1689 60,4:
554 1640 655 1686 τινὲς
678 1641 718 1680 δὲ
743 1645 821 1679 τῶν
848 1637 1004 1689 θύρσων
1019 1644 1084 1679 καὶ
1199 1643 1253 1678 111
1278 1647 1332 1689 65,
1354 1647 1389 1679 3:
1430 1639 1645 1679 ἄνοδιδόναι
1678 1639 1751 1690 γὰρ
1782 1646 1864 1686 ταῖς

377 1694 639 1745 ἐπιδορατίδας
694 1697 956 1745 κρυπτομένας
1009 1694 1083 1736 ὐπὸ
1154 1698 1315 1747 βάκχαις
1341 1693 1424 1736 ἀντὶ
1447 1703 1525 1735 τῶν
1548 1695 1706 1746 θύρσων
1723 1697 1864 1745 λόγχας

374 1759 455 1797 τοῖς
480 1752 635 1801 φύλλοις
651 1750 802 1801 ἔχουσιν
819 1751 925 1792 ὦσὰν
941 1757 1004 1792 καὶ
1023 1785 1031 1793 .
1049 1785 1057 1793 .
1076 1785 1083 1793 .
1155 1761 1208 1805 τῷ
1241 1758 1356 1805 κιττῷ
1387 1752 1678 1801 κεκαλυμμένας
1706 1753 1774 1802 τὴν
1798 1751 1863 1791 οἶκ-

1153 1810 1229 1858 μὴν
1268 1817 1336 1849 τοῦ
1382 1809 1547 1859 σιδήρου.
1609 1811 1663 1849 Cf.
1701 1812 1862 1849 Macrob.

1154 1869 1189 1905 S.
1206 1869 1224 1905 Ι
1242 1872 1295 1916 19,
1309 1873 1340 1906 2.

420 1951 474 1991 61,
489 1951 550 1983 16:
581 1944 855 1993 καθαιρετικὸς
878 1946 919 1984 δὲ
943 1945 1086 1990 παντὸς
1198 1948 1252 1984 IV
1267 1951 1300 1993 5,
1313 1951 1350 1983 2:
1379 1948 1577 1994 Θρίαμβον
1597 1943 1629 1983 δ’
1645 1942 1764 1984 αὐτόν
1779 1941 1863 1983 o’vo-

374 1998 579 2039 ὃτινοσοῦν
602 1998 787 2051 ὑπάρχων
810 1999 919 2047 ἔδοξε
940 2004 1002 2040 καὶ
1018 2015 1086 2039 πο·
1153 2004 1351 2050 μασθῆναί
1374 2016 1491 2051 φασιν
1514 1999 1590 2041 ἀπὸ
1616 2008 1686 2040 τοῦ
1709 2007 1863 2052 πρῶτον

374 2056 555 2106 λεμιστής
585 2055 682 2096 εἶναι
706 2058 773 2096 καὶ
795 2064 949 2108 πρῶτος
972 2073 1085 2097 κατα·
1153 2066 1231 2097 τῶν
1252 2058 1599 2106 μνημονευομένων
1627 2065 1864 2106 καταγαγεῖν

375 2114 578 2163 δεδειχέναι
603 2114 672 2152 τὸν
698 2114 738 2152 ἐν
761 2121 844 2160 ταῖς
859 2118 1086 2162 πολεμικαῖς
1154 2112 1231 2154 ᾰπό
1262 2122 1328 2164 τῆς
1359 2117 1561 2165 στρατείας
1592 2117 1785 2164 θρίαμβον
1810 2114 1864 2160 εἰς

375 2172 496 2216 νίκαις
521 2169 715 2220 ἀγόμενον
738 2174 942 2221 θρίαμβον.
1153 2171 1221 2220 τήν
1238 2173 1410 2221 πατρίδα,
1427 2171 1495 2219 τήν
1513 2170 1555 2216 ἐξ
1570 2167 1692 2210 Ἰνδῶν
1704 2170 1860 2219 ποιησά-

1153 2242 1272 2275 μενον
1325 2227 1515 2268 ἐπάνοδον
1564 2226 1664 2275 μετᾶ
1708 2231 1862 2267 πολλῶν

1154 2284 1347 2334 λαφύρων.

488 2401 516 2446 ¹)
540 2400 670 2436 Dietze
693 2400 767 2445 (Jb.
783 2399 808 2436 f.
826 2400 1034 2437 Philol.153
1057 2401 1178 2446 (1896)
1200 2411 1237 2446 p.
1254 2400 1335 2446 218)
1365 2400 1401 2436 in
1433 2399 1636 2437 Philodemi
1666 2399 1786 2437 fontes
1814 2400 1862 2437 ed

373 2456 524 2493 deorum
554 2455 698 2494 fabulas
729 2457 964 2502 explicandas
993 2457 1173 2494 adhibitas
1195 2457 1378 2504 inquirens
1402 2456 1500 2502 inde,
1534 2457 1634 2502 quod
1657 2456 1718 2493 ille
1740 2468 1777 2503 p.
1796 2460 1860 2493 169

373 2513 504 2549 similia
518 2516 629 2558 atque
645 2513 824 2550 Cornutus
840 2513 887 2550 de
902 2513 1037 2550 Bacchi
1052 2517 1133 2551 ortu
1149 2514 1250 2561 dicit,
1273 2514 1416 2560 utrique
1431 2513 1649 2559 Apollodori
1664 2513 1862 2550 doctrinam

372 2569 525 2606 subesse
549 2569 745 2606 concludit.
791 2569 866 2607 Sed
888 2570 1104 2616 relinquitur
1125 2569 1334 2616 scrupulus:
1357 2580 1477 2615 neque
1501 2570 1597 2606 euim
1619 2570 1717 2615 apud
1740 2570 1860 2606 Philo-

373 2627 519 2662 demum
550 2626 733 2662 adduntur
763 2626 1024 2672 explicationes
1047 2626 1157 2672 tales,
1188 2627 1315 2673 quales
1337 2626 1436 2672 apud
1460 2625 1658 2663 Cornutum
1680 2627 1861 2673 leguntur,

374 2692 488 2728 quare
510 2682 572 2718 illa
594 2693 615 2719 e
639 2682 873 2720 similitudine
896 2683 960 2720 vix
985 2684 1178 2730 quicquam
1203 2683 1327 2729 colligi
1341 2686 1484 2729 potest;
1509 2687 1697 2734 praeterea
1713 2683 1863 2721 dubium

373 2742 442 2784 est,
466 2742 587 2775 utrum
603 2739 837 2776 Philodemus
860 2740 920 2775 hic
943 2750 989 2776 ex
1005 2739 1232 2786 Apollodori.
1248 2749 1360 2786 opere
1381 2749 1426 2776 an
1448 2749 1469 2776 e
1485 2740 1703 2786 compendio
1719 2740 1862 2787 mytho·

372 2795 546 2842 graphice
571 2795 740 2842 pendeat,
763 2806 837 2842 quo
862 2796 950 2833 alias
973 2807 1061 2833 usus
1085 2800 1152 2833 est.
