2096 3129
360 183 440 222 102

468 307 506 345 p.
527 294 682 344 25,19:
721 294 884 345 Legitur
922 295 963 333 iu
999 293 1195 335 codicibus
1232 307 1259 334 a
1286 294 1349 334 Nc
1377 290 1513 348 νόμος
1541 294 1583 333 in
1615 289 1845 347 Θνόμων.

354 361 680 401 Schmitt-Blank
721 364 760 400 et
798 362 971 412 Langius
1009 363 1148 401 volunt
1187 357 1331 415 λόγος.
1401 360 1478 400 Sed
1517 361 1708 401 Cornutus
1746 361 1847 399 Mer-

355 430 503 469 curium
542 424 681 482 λόγον
708 429 750 468 id
786 432 845 468 est
881 433 1048 468 mentem
1083 431 1369 480 interpretatur.
1426 430 1564 478 Neque
1592 431 1723 468 tamen
1752 440 1848 468 voce

355 490 488 549 λόγος
517 495 592 535 hoc
621 495 735 535 modo
765 496 894 544 utitur,
924 499 967 534 ut
995 497 1084 535 aliis
1104 496 1232 536 verbis
1253 496 1394 535 additis
1414 496 1610 535 notionem
1631 496 1847 535 accuratius

355 563 527 612 definiat,
568 566 634 603 aut
670 565 790 614 plane
821 563 958 603 eadem
995 564 1274 614 significatione
1315 566 1432 614 atque
1467 564 1514 602 iis
1549 563 1668 612 locis,
1708 563 1848 613 quibus

356 631 405 670 de
451 632 618 681 singulis
663 631 837 670 universi
878 630 1011 669 mundi
1055 626 1194 684 λόγου
1234 632 1343 681 quasi
1381 630 1555 682 partibus
1596 630 1677 670 sive
1715 629 1848 670 formis

358 700 485 749 agitur
514 697 579 751 (cf.
610 712 648 749 p.
668 699 705 747 4,
725 699 789 737 13.
819 700 939 747 8,13.
972 700 1037 747 30,
1054 700 1091 738 9.
1122 700 1284 749 62,23).
1342 699 1494 738 Idcirco
1524 699 1596 737 illa
1625 699 1849 738 coniectura

359 767 582 805 reiectanea
621 768 696 814 est,
736 765 982 805 scribendum
1017 768 1111 816 puto
1151 777 1236 805 esse
1276 765 1394 820 quod,
1420 765 1457 806 G-
1485 759 1847 823 praebetlvoptoev.

355 834 411 874 Cf.
443 834 641 874 Demosth.
664 834 729 882 24,
747 835 798 872 22
830 832 890 881 ὥς
920 829 1219 882 καταλύοντες
1238 830 1324 886 τήν
1344 830 1662 886 ἐπανόρθωσιν
1683 829 1847 886 νόμων.

467 912 505 951 p.
528 901 593 949 27,
612 901 680 939 ll:
711 900 954 940 Villoisonus
984 902 1074 939 ante
1106 897 1130 940 ὁ
1163 892 1243 956 ἀήρ
1272 900 1434 939 inseruit
1461 893 1507 956 ἢ,
1539 900 1648 954 quod·
1670 899 1848 940 Osanuus

356 972 394 1007 et
431 969 603 1017 Langius
642 971 886 1018 receperunt.
945 968 1022 1007 Sed
1061 969 1251 1007 Cornutus
1291 969 1323 1007 si
1361 969 1579 1017 scripsisset
1616 961 1644 1019 ἢ
1685 964 1709 1008 ὁ
1751 963 1848 1022 ἅὴρ,

355 1035 575 1074 necessario
606 1034 831 1084 addidisset,
861 1045 937 1084 quo
967 1034 1093 1083 modo,
1123 1035 1157 1074 si
1187 1025 1268 1089 ἀήρ
1300 1035 1436 1074 ceteris
1457 1035 1661 1074 elementis
1680 1034 1850 1073 validior

356 1103 618 1142 dominatione
656 1104 802 1153 potitus
842 1105 959 1151 esset,
998 1103 1132 1141 mundi
1166 1102 1368 1142 harmonia
1404 1102 1706 1152 perturbaretur.
1763 1102 1850 1149 Qua

356 1170 405 1209 de
448 1182 491 1209 re
535 1171 597 1208 illi
644 1171 893 1209 coniecturae
936 1182 1016 1209 non
1060 1169 1268 1210 adsentior.
1341 1169 1418 1209 Sed
1470 1170 1611 1210 dixerit
1656 1170 1847 1220 quispiam

354 1240 434 1277 tres
473 1237 583 1286 deos,
623 1238 690 1287 qui
726 1239 767 1276 in
806 1238 966 1277 Homeri
1005 1238 1179 1277 versibus
1218 1240 1500 1286 enumerantur,
1540 1250 1564 1276 a
1605 1237 1773 1277 Cornuto
1808 1239 1849 1275 in

355 1306 674 1355 interpretatione
732 1305 874 1355 respici
932 1316 1092 1344 necesse
1151 1316 1256 1353 esse3
1319 1305 1352 1344 si
1409 1304 1584 1344 codicum
1641 1305 1850 1345 lectionem

355 1374 604 1421 retineamus,
646 1373 840 1423 respicere
885 1385 971 1412 eum
1010 1373 1234 1423 Neptunum
1279 1375 1317 1412 et
1356 1373 1592 1421 Minervam,
1635 1373 1850 1424 praeterire

356 1444 485 1480 autem
523 1443 727 1489 Iunonem,
773 1452 872 1490 quae
912 1442 1010 1479 alias
1050 1433 1135 1493 ἆήρ
1174 1442 1439 1490 intellegatur.
1506 1441 1591 1479 Hoc
1630 1440 1744 1479 modo
1784 1441 1850 1490 qui

357 1510 659 1558 argumentatur,
688 1508 726 1547 ei
745 1508 871 1547 obicio
891 1508 1081 1547 Heracliti
1100 1508 1297 1558 personati
1316 1507 1415 1547 haec
1434 1509 1488 1558 (p.
1509 1509 1574 1556 38,
1594 1508 1677 1558 17):
1706 1503 1850 1561 πυρὸς

354 1573 436 1627 μὲν
472 1568 555 1615 οὖν
586 1572 819 1626 αἰφνιδίως
849 1571 1104 1627 ἐκζέσαντοε
1135 1570 1350 1615 ἁπάντων
1381 1570 1559 1616 ἔσεσθαι
1589 1571 1749 1629 κοινὴν
1778 1572 1847 1615 ἐκ·

355 1639 573 1695 πύρωσιν,
620 1639 658 1682 εἰ
703 1635 742 1682 δ’
783 1634 960 1695 ἀθροῦν
1005 1635 1125 1694 ὕδωρ
1166 1640 1389 1696 ἐκραγείη,
1432 1642 1729 1696 κατακλυσμῷ
1767 1638 1850 1682 τὸν

356 1705 525 1763 κόσμον
576 1706 857 1751 ἀπολεῖσθαι.
931 1711 991 1750 Ne
1035 1710 1156 1749 verbo
1202 1709 1359 1760 quidem
1403 1710 1452 1749 ab
1498 1721 1544 1749 eo
1587 1710 1747 1749 Iunonis
1790 1710 1849 1749 vis

354 1779 536 1828 tangitur.
594 1779 639 1816 In
675 1789 720 1817 eo
757 1780 883 1817 autem
914 1778 1137 1817 Heraclitus
1166 1780 1205 1817 et
1234 1778 1426 1817 Cornutus
1457 1778 1705 1826 dissentiunt,
1745 1778 1849 1828 quod

353 1847 437 1895 ille,
467 1846 501 1884 si
529 1846 631 1894 ignis
659 1857 753 1895 prae
783 1846 921 1884 ceteris
951 1846 1152 1885 elementis
1171 1845 1464 1893 increbesceret,
1495 1846 1718 1884 universum
1739 1857 1848 1884 mun-

355 1913 445 1952 dum
475 1913 715 1962 conflagrare
736 1914 906 1963 exponit,
937 1913 1127 1952 Cornutus
1147 1917 1287 1961 aerem,
1317 1913 1497 1963 quoniam
1518 1913 1593 1952 hoc
1614 1914 1845 1953 elementum

356 1980 505 2018 aetheri
534 1981 616 2018 sive
646 1981 728 2029 igni
758 1981 919 2019 caelesti
947 1981 1163 2029 proximum
1196 1983 1266 2018 est.

469 2059 506 2097 p.
529 2047 593 2096 39,
610 2047 680 2086 21:
719 2046 794 2086 Hic
833 2048 945 2086 locus
986 2047 1249 2098 compluribus
1284 2047 1432 2087 mendis
1466 2047 1647 2087 laborare
1684 2047 1850 2088 videtur.

354 2116 492 2163 Neque
518 2117 625 2163 patet
644 2115 708 2152 via
732 2114 980 2153 resarciendi.
1029 2115 1172 2153 Verum
1197 2117 1328 2153 tamen
1347 2114 1512 2154 fortasse
1532 2115 1649 2154 lectio
1671 2115 1848 2155 codicum

357 2176 390 2220 b'
420 2181 484 2232 N2
503 2194 522 2221 ο
551 2177 610 2230 ὡς
647 2176 706 2237 μὴ
744 2177 980 2229 τοιούτους
1020 2181 1170 2224 δοκεῖν
1211 2182 1388 2222 codicum
1424 2194 1450 2222 a
1483 2182 1742 2233 praeferenda
1780 2186 1849 2224 est.

357 2251 495 2288 Sensui
532 2250 802 2289 satisfacerent
840 2250 938 2290 haec
976 2251 1078 2289 fere:
1119 2242 1343 2302 ὑπέταξεν
1382 2245 1530 2299 οὕτως
1568 2247 1629 2298 ὥς
1667 2248 1851 2305 μη<κέτι>

356 2311 592 2365 τοιούτους
641 2315 808 2366 doxam
858 2331 948 2357 nam
993 2314 1055 2367 οὖς
1103 2315 1412 2373 ἐξεληλακέναι
1462 2317 1536 2359 καὶ
1584 2310 1849 2373 ἀνῃρηκέναι

357 2385 542 2423 videntur
570 2385 766 2423 subditiva
795 2397 894 2425 esse.

469 2465 506 2502 p.
527 2452 651 2502 44,6:
682 2453 812 2492 Verba
846 2446 873 2506 ἢ
909 2444 998 2493 ἀπὸ
1029 2452 1113 2493 τοῦ
1144 2452 1320 2504 φαίνειν
1352 2446 1497 2501 οὕτως
1526 2449 1849 2506 ὠνομασμέναι,

356 2531 457 2568 quae
502 2519 831 2560 Schmitt-Blank
879 2521 1032 2569 integra
1081 2532 1166 2559 esse
1212 2521 1375 2570 ducit,¹)
1421 2521 1557 2559 mutila
1602 2523 1701 2559 sunt.
1764 2522 1850 2560 Vil-

357 2588 534 2625 loisonus
578 2599 626 2625 ea
676 2599 726 2626 ex
770 2587 966 2626 Eustathii
1009 2587 1068 2626 his
1112 2589 1169 2637 (p.
1202 2589 1328 2636 1384,
1352 2588 1446 2636 34):
1491 2583 1605 2628 κατὰ
1648 2584 1701 2629 τὸ
1746 2586 1852 2629 νέον

472 2742 499 2785 ¹)
527 2753 649 2781 ουτως
673 2752 755 2785 non,
780 2745 820 2776 ut
844 2741 992 2778 Cornuti
1016 2752 1084 2779 usu
1107 2742 1253 2777 dicendi
1269 2742 1459 2791 flagitatur,
1484 2753 1565 2778 cum
1583 2737 1850 2789 ὠνομασμέναι

359 2796 487 2847 iungit.
