2096 3129
1656 177 1709 215 43

225 293 264 330 et
291 290 504 340 fluminum,
535 302 633 341 quae
663 290 767 342 apud
797 290 940 330 inferos
971 302 1056 330 esse
1086 290 1348 341 perhibentur,
1377 291 1570 330 mentione
1597 290 1711 338 facta,

226 359 440 397 absolvitur
487 359 596 397 lacus
640 351 827 410 ἄόρνου,
871 359 938 407 qui
981 359 1219 408 appellatur,
1263 359 1340 396 vis:
1379 358 1516 407 quibus
1555 359 1603 396 ab
1643 370 1710 398 ex-

224 425 499 476 plicationibus
536 426 665 464 verbis
703 422 1047 473 οὖς-Πλούτωνα
1084 426 1188 473 (ante
1218 424 1315 464 haec
1344 437 1430 464 cum
1460 425 1711 464 Reinhardtio

225 493 469 532 scribendum
499 495 557 532 est
581 486 715 545 ἄορος
740 488 943 546 ἐγγύτητι
972 493 1020 531 cf.
1039 494 1066 530 l.
1086 494 1112 530 1.
1143 505 1181 542 p.
1205 494 1282 530 116
1314 493 1403 534 adn.
1424 495 1464 541 2)
1491 493 1541 531 ad
1570 492 1711 531 herbae

226 559 478 609 explicandas
515 561 714 609 transitur,
753 571 853 609 quae
891 560 1069 598 Plutonis
1109 571 1243 598 sacrae
1282 563 1392 607 sunt,
1431 562 1470 598 et
1499 559 1595 598 ordo
1625 571 1710 598 sen-

226 627 433 666 tentiarum
461 638 583 676 usque
612 627 663 666 ad
693 627 832 676 capitis
861 625 975 665 finem
1010 638 1088 665 non
1116 638 1258 676 pravus
1288 626 1473 676 procedit.

338 694 398 732 De
427 694 555 732 libelli
584 695 741 743 epilogo
770 705 850 731 non
878 693 1013 742 habeo,
1043 693 1148 742 quod
1177 693 1329 732 addam.

338 816 428 856 Otto
457 816 561 856 Jahn
589 818 753 867 (proleg.
784 816 834 855 ad
863 818 987 855 Persii
1014 816 1219 856 editionem
1249 829 1285 866 p.
1306 817 1396 866 XII)
1422 817 1616 864 libellum,
1645 818 1711 866 qui

226 885 384 923 Cornuti
413 885 566 923 nomine
595 884 727 932 fertur,
757 884 897 923 eximia
925 883 1091 933 quadam
1111 884 1314 923 sterilitate
1336 885 1592 934 conscriptum
1614 896 1710 932 esse,

225 953 358 991 statuit
377 956 416 990 et
434 953 501 990 vel
520 952 610 991 inde
631 953 840 991 verisimile
861 963 944 991 esse
965 952 1164 990 concludit
1179 953 1337 991 Cornuti
1357 953 1524 1002 amplius
1545 964 1642 1002 opus
1661 953 1709 990 ab

225 1019 541 1069 epitomatoribus
579 1020 660 1058 sive
699 1019 831 1058 sciolis
870 1020 1063 1068 magistris
1101 1020 1141 1057 in
1180 1019 1374 1068 epitomen
1409 1021 1581 1057 coactum
1612 1031 1708 1058 esse.

225 1088 310 1126 Hoc
353 1087 402 1125 ad
444 1090 709 1137 argumentum
755 1088 831 1125 iam
874 1087 1043 1136 Langius
1091 1087 1213 1137 praef.
1251 1099 1290 1137 p.
1315 1087 1387 1125 VII
1434 1087 1537 1126 haud
1581 1088 1711 1138 inepte

224 1156 427 1206 respondit
451 1168 529 1195 non
549 1167 644 1204 esse,
674 1167 742 1194 cur
762 1155 931 1195 Cornuto
949 1155 1150 1205 indignum
1171 1167 1256 1195 esse
1275 1158 1497 1206 putaremus
1518 1157 1712 1206 epitomen

226 1222 427 1272 conficere,
456 1234 587 1262 omnes
617 1225 743 1262 autem
770 1223 958 1273 epitomas
979 1223 1123 1262 habere
1143 1223 1292 1272 aliquid
1313 1224 1445 1263 sterile
1465 1235 1511 1262 ac
1530 1224 1711 1263 ieiunum.

225 1292 287 1330 Ac
325 1304 368 1330 re
408 1303 502 1329 vera
540 1291 700 1330 libellus
743 1291 834 1330 talis
874 1294 932 1330 est
971 1291 1138 1341 epitome
1180 1291 1442 1341 compluribus
1481 1304 1502 1330 e
1540 1291 1711 1331 fontibus

225 1358 462 1409 conscripta,
501 1357 549 1396 de
585 1358 725 1408 quibus
760 1357 863 1397 infra
892 1358 965 1397 erit
993 1357 1211 1397 dicendum.
1223 1357 1252 1409 1)
1308 1359 1445 1408 Neque
1476 1358 1580 1408 quod
1608 1357 1712 1398 Jahn

225 1427 436 1475 contendit,
465 1427 507 1465 in
537 1439 669 1466 omnes
698 1427 827 1466 libelli
855 1430 986 1477 partes
1016 1438 1139 1476 aeque
1170 1427 1292 1466 cadit:
1322 1439 1411 1465 nam
1441 1427 1640 1466 nonnullis
1669 1428 1711 1465 in

226 1495 415 1545 capitibus
444 1495 553 1533 velut
581 1495 622 1532 in
649 1495 707 1543 iis,
743 1495 880 1544 quibus
909 1494 958 1533 de
987 1495 1177 1534 Mercurio
1207 1494 1256 1533 de
1286 1495 1462 1533 Minerva
1491 1494 1540 1533 de
1570 1495 1711 1535 Cerere

225 1563 362 1611 agitur,
391 1562 557 1611 amplsor
584 1573 710 1600 rerum
741 1563 902 1600 materia
930 1562 1123 1600 interdum
1152 1574 1230 1600 non
1260 1562 1342 1600 sine
1367 1563 1501 1611 aliqua
1526 1563 1711 1600 sermonis

224 1630 400 1669 ubertate
428 1630 630 1668 excutitur.
687 1629 765 1669 Sed
793 1629 899 1668 iuvat
929 1641 1014 1668 cum
1034 1629 1178 1679 libello
1209 1629 1443 1668 Cornutiano
1474 1641 1711 1680 comparare,

225 1708 324 1745 quae
354 1696 541 1735 Eusebius
571 1708 592 1734 e
621 1696 828 1746 Porphyrii
865 1694 967 1749 ,περὶ
1002 1691 1268 1749 ἀγαλμάτων
1303 1708 1419 1745 opere
1456 1697 1711 1746 exscripsit.²)

224 1763 271 1802 Id
308 1766 401 1814 puto
436 1766 570 1813 patere
605 1762 706 1802 hanc
737 1763 1033 1814 disputationem
1061 1774 1140 1802 non
1168 1764 1356 1814 ampliore
1385 1764 1569 1802 materiae
1599 1765 1712 1814 copia

225 1853 279 1859 —
310 1831 466 1880 dignum
496 1834 564 1879 est,
594 1831 699 1880 quod
728 1831 1056 1869 animadvertatur
1083 1843 1163 1870 non
1193 1831 1306 1870 citari
1336 1834 1530 1870 auctorem
1560 1854 1616 1859 —
1645 1835 1712 1870 aut

225 1899 412 1938 sermonis
440 1899 614 1937 ubertate
643 1900 868 1938 instructam
897 1898 1015 1937 fuisse
1044 1901 1160 1948 atque
1189 1899 1303 1937 illum
1332 1899 1525 1938 libellum.
1579 1900 1710 1948 Atque

224 1968 453 2016 plerumque
501 1967 678 2005 similiter
721 1970 836 2016 atque
880 1966 984 2016 apud
1022 1967 1231 2006 Cornutum
1267 1968 1481 2006 sententiae
1519 1968 1712 2016 particula

227 2032 274 2074 δέ
307 2035 396 2072 laxe
426 2035 528 2072 inter
558 2046 599 2072 se
628 2035 848 2083 iunguntur.
905 2034 966 2072 Ne
996 2034 1082 2083 quis
1112 2034 1264 2082 obiciat,
1295 2045 1395 2083 quae
1424 2034 1614 2073 Eusebius
1645 2046 1709 2073 ex-

222 2101 370 2149 hibeat,
414 2101 622 2151 Porphyrii
664 2101 755 2139 libri
793 2102 1038 2139 summarium
1061 2113 1180 2149 esse,
1224 2113 1245 2139 e
1286 2114 1363 2151 quo
1403 2102 1546 2151 integri
1583 2102 1710 2151 operis

338 2235 366 2279 ι)
390 2233 563 2270 Conferas
588 2243 724 2279 quaeso
748 2234 976 2270 Maximiliani
991 2234 1147 2270 Pohlenz
1164 2234 1300 2280 Reppii
1324 2234 1580 2279 disputationis
1600 2240 1711 2280 supra

223 2302 258 2336 p.
273 2294 315 2327 30
340 2290 421 2327 adn.
436 2294 455 2325 2
474 2294 774 2327 commemoratae
789 2300 974 2327 censuram
990 2290 1130 2337 Bphw.
1145 2294 1231 2327 1908
1247 2301 1283 2336 p.
1299 2293 1381 2326 132:
1406 2290 1591 2326 Cornutus
1606 2290 1711 2326 laidet

224 2347 410 2392 darunter,
442 2347 526 2383 dass
548 2359 621 2384 von
643 2347 720 2383 ihm
744 2359 817 2383 nur
839 2347 902 2383 der
923 2347 1121 2393 Leitfaden
1143 2348 1230 2383 iiber
1256 2347 1445 2392 Theoloqie
1467 2347 1628 2383 erhalten
1650 2348 1709 2392 ist,

224 2403 292 2439 den
322 2415 360 2439 er
388 2404 454 2450 fiir
475 2404 573 2440 aeine
594 2404 745 2440 Schuler
766 2403 1108 2450 zusammcnyestellt
1130 2403 1209 2440 und
1230 2403 1342 2439 selber
1363 2402 1466 2440 nicht
1488 2403 1544 2439 als
1566 2403 1709 2439 wissen-

222 2459 452 2505 schaftlichee
474 2461 578 2496 Werk
600 2460 798 2507 anyesehen
820 2460 893 2496 hat.
940 2459 986 2496 A.
1003 2460 1182 2504 Dietrich,
1205 2460 1334 2496 Kleine
1350 2460 1549 2505 Schriften,
1572 2471 1608 2505 p.
1625 2462 1709 2495 461:

224 2543 232 2551 .
251 2543 258 2551 .
276 2543 284 2552 .
309 2516 432 2556 nicht&
454 2516 505 2553 iet
528 2516 741 2553 lehrreicher
763 2516 818 2552 als
841 2516 906 2552 dae
930 2516 1108 2552 erhaltene
1123 2516 1253 2552 Hand·
1267 2515 1344 2551 und
1359 2515 1631 2562 Hilfsbilchlein
1646 2515 1711 2558 Ῑὶῖν

222 2572 373 2608 stoische
407 2573 774 2620 Mythenerklaruny,
818 2573 883 2609 das
918 2573 996 2609 sich
1029 2573 1137 2608 eelbst
1171 2575 1284 2608 nemu*
1319 2573 1465 2608 ‘Abriea
1500 2573 1563 2608 der
1603 2564 1709 2608 &ber-

224 2628 404 2675 liefcrunq
425 2629 520 2666 nach
542 2629 772 2666 hellenischer
794 2629 1000 2676 Theoloyie‘
1022 2640 1093 2666 von
1115 2629 1192 2665 dem
1214 2629 1348 2666 Romer
1371 2629 1565 2666 Cornutus.

335 2686 365 2729 2)
396 2685 491 2722 Satis
519 2690 578 2723 est
607 2686 772 2732 legentes
802 2686 965 2732 relegare
996 2686 1043 2722 ad
1075 2696 1118 2722 ea
1147 2697 1242 2732 quae
1271 2686 1446 2731 Bcrtzlmg
1475 2684 1708 2731 Porphyrius'

224 2741 358 2778 Schrift
396 2752 469 2778 von
510 2742 581 2778 den
620 2742 908 2788 Gotterbildem,
952 2742 1094 2778 dissert.
1134 2742 1278 2787 Erlang.
1308 2745 1404 2785 ¹903,
1439 2752 1475 2786 p.
1498 2744 1540 2775 30
1550 2751 1630 2786 sqq.
1673 2744 1710 2776 et

226 2797 426 2835 Reinhardt
448 2797 471 2834 l.
488 2797 511 2834 l.
535 2810 570 2844 p.
588 2801 630 2835 99
639 2809 693 2845 sq.
718 2798 957 2835 contulerunt.
