2096 3129
1611 185 1664 224 77

686 293 886 343 γορεύεται
902 293 997 332 Πάν.
1035 307 1155 332 συνοι-
1192 295 1276 332 huic
1284 295 1362 332 Deo
1375 295 1425 331 eit
1434 295 1662 331 attributum.

686 357 858 389 κειοῦται
883 349 957 399 γὰρ
980 348 1002 398 ἢ
1026 349 1155 399 μορφὴ
1193 352 1342 387 Cornua
1352 351 1483 397 quibus
1493 351 1582 387 eolis
1593 351 1663 387 cir-

687 405 805 447 αὐτοῦ
840 413 895 458 τῷ
925 406 1135 456 περιέχοντι
1150 419 1158 427 ·
1193 408 1267 444 culi
1280 408 1454 454 lunaeque
1471 408 1664 454 designan-

686 467 748 501 καὶ
777 463 821 501 τὸ
849 464 922 510 μὲν
945 470 1022 501 τῶν
1045 461 1158 511 κερᾶ·
1194 467 1274 509 tur,-

686 534 764 558 των
796 517 1022 569 ἀπομίμημα
1050 517 1158 569 ἡλίου

226 591 262 626 p.
278 583 405 626 49,18·
433 579 587 626 νεβρίδα
611 577 652 615 δὲ
687 578 752 615 καὶ
769 577 928 625 σελήνης
940 578 1159 625 [μηνίσκους

180 630 205 682 ἢ
273 637 470 681 παρδαλῆν
534 630 653 671 αυτόν
688 635 806 680 φασίν
824 631 920 672 εἶναι
936 635 1010 672 del.
1033 635 1159 671 Burtu-

183 688 348 737 ἐνῆφθαι
387 688 446 727 διὰ
475 689 544 737 τὴν
571 692 772 739 ποι-16η,
809 689 854 727 τὸ
894 690 935 729 δὲ
974 688 1159 738 πάρδαλιν
1188 691 1299 737 pellis
1314 691 1467 726 maculis
1478 691 1663 736 distincta,

181 747 306 796 ρειλίαν
364 752 442 784 τῶν
501 744 654 795 ἄστρων
689 745 855 795 ἐνῆφθαι
884 750 951 794 τῆς
974 751 1042 794 γῆς
1064 760 1157 794 φαν-
1194 758 1285 793 quae
1321 748 1465 783 variam
1499 748 1665 795 desiqnat

181 802 244 839 καὶ
282 807 361 839 τῶν
398 800 525 840 ἄλλων
556 817 653 851 χρω-
687 804 820 846 τασίας
859 800 1000 847 εἵνεκα,
1035 801 1081 839 τὰ
1117 802 1158 840 δὲ
1193 804 1390 849 imaginem
1408 804 1587 847 sidereum
1608 805 1665 840 in·

181 856 316 905 μάτων
339 854 363 896 ἃ
388 862 594 906 θεωρεῖται
613 858 653 897 ἐν
686 857 790 898 κάτω
829 858 943 897 λάσια
979 864 1058 897 τῶν
1092 863 1159 906 τῆς
1193 860 1310 907 ferior
1357 871 1450 906 pars
1503 861 1665 907 emporis

183 917 302 965 αὐτῷ.
337 928 373 963 p.
389 920 444 963 49,
458 921 494 954 6:
519 918 583 953 καὶ
606 914 653 953 τὰ
687 922 756 965 γῆς
777 921 907 965 μερῶν
929 916 995 954 καὶ
1017 920 1096 953 τῶν
1117 912 1159 954 ἐν
1194 918 1347 964 hirsuta,
1363 919 1405 953 ut
1419 917 1514 955 situs
1530 920 1665 962 terra&

180 971 253 1017 μὲν
297 971 401 1009 κάτω
439 970 554 1010 λα’σια
591 975 653 1010 καὶ
688 970 782 1020 αὐτῇ
804 971 1060 1020 πεφυκότων·

182 1026 353 1077 τραγώδη
362 1026 423 1066 δια
432 1026 502 1077 τὴν
510 1033 578 1076 τῆς
586 1032 654 1077 γῆς

182 1083 373 1131 δασύτητα
398 1082 510 1131 ἔχειν,
549 1084 595 1122 τοὶ
622 1083 654 1121 δ’

184 1136 261 1177 ἄνω
271 1136 584 1188 ἀνθρωπόμορφα
594 1139 654 1178 διὰ

183 1194 228 1234 τὸ
244 1194 286 1235 ἐν
298 1200 354 1246 τῷ
365 1194 497 1245 αἰθέρι
509 1194 553 1234 τὸ
568 1193 653 1244 ἦγε-

182 1252 344 1298 μονικὸν
361 1255 457 1290 εἰναι
476 1257 544 1291 τοῦ
561 1252 653 1290 κόσ-

182 1322 258 1356 μου
282 1310 346 1352 (cf.
369 1322 405 1357 p.
422 1312 653 1358 35,12sqq.¹)

183 1379 219 1413 p.
244 1371 299 1413 50,
324 1372 358 1403 1:
399 1365 578 1414 συρικτὴν
612 1366 653 1404 δὲ

185 1418 283 1461 εἶναι
314 1421 410 1470 τάχα
432 1423 500 1464 μὲν
524 1421 585 1460 διὰ
608 1420 653 1459 zo*

183 1475 259 1516 ὑπὸ
289 1479 482 1516 παντοίων
507 1476 654 1524 ἀνέμων

183 1537 426 1572 διαπνεῑσθαι
515 1537 654 1582 (nugas,

185 1602 277 1638 quae
311 1581 511 1638 sequunffir
540 1589 654 1638 (τάχα

182 1643 357 1693 -ἔχειν)
380 1648 559 1685 Cornutus
581 1648 654 1684 for·
689 1645 756 1694 τήν
780 1646 820 1684 δὲ
847 1644 1009 1694 σύριγγα
1025 1650 1102 1682 τῶν
1120 1644 1160 1682 ἐν
1195 1659 1274 1684 cum
1285 1648 1410 1694 fistula
1421 1650 1483 1693 est,
1496 1649 1668 1695 quoniam

183 1708 282 1742 tasse
310 1705 390 1751 ipse
412 1704 569 1750 addidit)
593 1732 602 1741 .
620 1732 629 1740 .
646 1732 654 1741 .
689 1709 743 1753 τῷ
767 1700 903 1753 κόσμῳ
932 1699 1160 1748 πνευμάτων
1194 1705 1304 1751 flatus
1338 1708 1524 1741 ventorum
1553 1716 1598 1740 ex
1628 1716 1666 1741 eo

185 1756 302 1806 [οὕτω
326 1758 400 1807 γάρ
423 1771 504 1801 πως
526 1761 592 1795 καὶ
616 1757 655 1795 αἱ
686 1761 845 1806 μίμησιν
875 1757 994 1797 εἶναι·
1027 1757 1087 1806 [τὸ
1117 1758 1158 1796 δὲ
1195 1761 1388 1802 oriuntur;
1421 1761 1553 1805 [metue
1583 1772 1666 1796 vero

185 1812 319 1862 ἀγέλαι
343 1814 406 1852 καὶ
428 1813 476 1852 τὰ
499 1812 654 1852 αἰπόλια
689 1813 863 1864 αἰγωπόν
891 1821 970 1852 τῶν
993 1815 1159 1862 καταιγί-
1195 1816 1244 1853 ad
1295 1817 1506 1863 repentinas
1557 1817 1667 1863 fugas

185 1878 357 1908 πτοεῖται
389 1871 523 1918 ψόφου
554 1885 656 1913 τινος
689 1876 764 1909 δων
817 1875 870 1914 εἰς
924 1870 1160 1918 αἰφνιδιακὰς
1194 1873 1358 1908 Ραπίοιιε
1381 1873 1499 1908 dictus
1516 1875 1668 1917 propter

187 1925 229 1971 ἐξ
259 1922 348 1974 υλης
378 1923 401 1973 ἢ
432 1930 510 1963 τῶν
540 1924 654 1963 ὑπάν-
670 1917 855 1975 Ιταραχᾶς
884 1926 947 1964 καὶ
976 1922 1054 1963 auo*
1082 1931 1161 1963 τῶν
1195 1927 1353 1964 subitam
1387 1928 1484 1963 aeris
1514 1938 1666 1964 commu-

184 1996 286 2031 τρων
308 1983 371 2021 καὶ
392 1986 657 2031 φαραγγωδῶν
688 1989 818 2030 νεφῶν
840 1981 1053 2030 γινομένων
1071 1982 1161 2031 περὶ
1195 1984 1398 2030 tationemJ.

185 2038 316 2077 τόπων
339 2036 581 2087 ἅκουσαντα].
690 2038 757 2076 τὸν
788 2034 879 2087 αὲρα
906 2036 1159 2087 μεταβολῶν.]

299 2123 468 2162 Accedit
519 2123 780 2162 memorabilis
832 2122 1041 2172 Porphyrii
1093 2134 1304 2161 consensus
1358 2122 1514 2172 (Euseb.
1550 2123 1594 2161 P.
1623 2123 1667 2161 Ε.

186 2190 243 2228 III
266 2191 330 2239 11,
345 2188 433 2240 44)':
468 2190 553 2231 τοῦ
589 2187 636 2231 δὲ
671 2184 841 2238 παντὸς
875 2184 957 2230 τὸν
986 2188 1116 2230 Πᾶνα
1144 2184 1364 2242 σύμβολον
1393 2183 1572 2238 ἔθεντο,
1609 2184 1666 2229 τὰ

185 2254 265 2309 μὲν
310 2256 473 2311 κέρατα
519 2254 715 2311 σύμβολα
766 2253 919 2306 δόντες
960 2253 1093 2312 ἡλίου
1136 2255 1210 2297 καὶ
1249 2252 1450 2311 σελήνης,
1493 2251 1575 2311 τὴν
1618 2254 1666 2296 δὲ

187 2322 367 2378 νεβρίδα
409 2324 505 2365 τῶν
548 2322 645 2365 κατ’
683 2316 882 2378 ου’ρανὸν
925 2322 1133 2378 ἀστέρων,
1183 2316 1210 2379 ἢ
1252 2323 1331 2377 τῆς
1372 2323 1455 2364 τοῦ
1497 2317 1667 2371 παντὸς

186 2390 467 2441 ποικιλίας.2)

299 2459 453 2498 Deinde
497 2458 686 2498 Cornutus
733 2458 883 2497 etiamsi
924 2459 1111 2497 rationem
1153 2459 1209 2497 ita
1250 2458 1423 2505 invertit,
1465 2459 1508 2495 ut
1549 2457 1665 2495 inter·

186 2526 422 2574 pretationes
451 2527 574 2566 minus
603 2526 689 2575 deo,
717 2526 783 2577 qui
815 2537 887 2578 pro
912 2526 1095 2565 universo
1125 2525 1324 2575 habeatur,
1354 2524 1521 2575 adaptet,
1551 2536 1666 2575 quam

187 2592 261 2631 deo
296 2594 337 2632 in
370 2595 563 2634 montibus
598 2594 806 2643 habitanti,
845 2595 911 2644 qui
939 2594 1132 2645 pecudum
1160 2596 1333 2644 praestes
1363 2593 1542 2631 credatur
1570 2604 1668 2640 esse,

303 2692 328 2736 ¹)
353 2691 407 2728 cf.
430 2693 522 2729 Plat.
547 2693 640 2729 Crat,
663 2704 701 2738 p.
717 2696 782 2729 408
795 2692 834 2729 C.

298 2748 329 2789 ²)
353 2747 408 2783 ef.
432 2748 536 2784 Alex.
552 2749 716 2794 Aphrod.
742 2758 834 2793 quae
858 2748 1019 2784 feruntur
1041 2748 1157 2793 probl.
1182 2748 1242 2782 lib.
1259 2747 1313 2781 111
1331 2749 1369 2781 et
1383 2746 1436 2782 IV
1453 2746 1509 2783 ed.
1527 2747 1669 2782 Usener

187 2799 324 2845 (Berlin
342 2804 455 2850 1859),
479 2815 514 2850 p.
532 2808 564 2840 6.
