2096 3129
368 179 421 217 42

370 291 567 332 Bacchum
612 291 767 331 omnino
807 292 991 330 bellicum
1032 304 1118 332 esse
1158 296 1198 332 et
1236 293 1418 344 triumphi
1458 296 1654 333 auctorem
1694 293 1859 333 additur.

370 360 522 400 Deinde
563 372 632 399 cur
669 359 815 398 hedera
855 361 891 398 ei
926 361 1128 408 tribuatur,
1169 363 1384 411 exponitur.
1442 362 1619 410 Denique
1653 366 1858 412 postquam

370 428 453 467 ludi
482 427 696 476 thymelici,
727 427 793 476 qui
821 427 1012 475 dicuntur,
1041 430 1176 477 paucis
1205 430 1299 468 tacti
1327 431 1425 477 sunt,
1456 429 1616 468 duarum
1641 429 1859 467 fabularum

370 496 585 544 allegoriae
630 495 923 544 subiunguntur.
992 495 1174 534 Concedo
1220 496 1294 535 hoc
1335 498 1375 534 in
1415 497 1542 546 capite
1580 497 1734 546 saepius
1773 508 1858 534 sen-

368 563 573 601 tentiarum
605 561 778 600 ordinem
798 563 1064 611 perturbatum
1086 573 1190 610 esse;
1220 561 1261 602 id
1281 568 1407 602 autem
1427 563 1490 602 hic
1511 574 1665 613 quoque
1686 566 1858 613 apparet,

370 629 472 679 quod
521 630 597 667 iam
647 640 764 678 supra
807 629 1007 677 adnotavi,
1057 630 1417 680 interpretationum
1460 630 1750 669 similitudinem
1793 631 1859 668 vel

370 697 643 745 aequalitatem
687 697 842 744 tulisse,
887 699 929 734 ut
965 708 1028 735 res
1067 697 1360 747 colligerentur,
1405 710 1504 748 quae
1543 710 1614 748 per
1654 709 1696 736 se
1735 698 1859 736 minus

368 764 590 802 cohaerent.

483 831 755 880 Disputatione
795 830 844 869 de
883 830 1039 869 Baccho
1081 830 1140 868 his
1180 830 1255 870 καὶ
1294 831 1395 884 περὶ
1434 830 1514 884 μὲν
1540 827 1758 872 Διόνυσον
1787 844 1861 872 το,-

368 897 509 938 σαῦτα
543 897 669 944 finita,
710 897 873 947 abrupte
912 897 1048 947 incipit
1079 901 1210 947 caput,
1247 898 1351 947 quod
1381 898 1430 937 de
1460 899 1629 938 Hercule
1658 901 1727 937 est.
1784 897 1861 937 Sed

369 977 445 1014 quo
475 969 590 1020 pacto
619 965 702 1003 fieri
730 968 868 1014 potest,
897 968 939 1003 ut
967 965 1018 1003 ad
1038 953 1221 1004 Herculis
1250 967 1339 1015 vim,
1369 970 1411 1004 ut
1437 979 1460 1004 a
1480 967 1647 1005 Cornuto
1672 965 1860 1013 definitur,

368 1032 684 1083 pertractandam
725 1032 774 1070 ab
816 1033 916 1071 alius
952 1032 1015 1071 dei
1051 1033 1315 1082 explicatione
1343 1034 1526 1073 transitus
1554 1036 1711 1084 paretur
1738 1033 1862 1072 minus

369 1101 586 1151 abruptus?
643 1101 783 1150 Neque
817 1100 931 1139 huius
971 1101 1109 1150 capitis
1139 1102 1416 1140 sententiarum
1447 1113 1634 1140 conexum
1662 1102 1750 1140 ulla
1777 1112 1860 1140 esse

370 1168 672 1218 reprehensione
703 1168 861 1217 dignum
891 1169 1182 1207 Wilamowitzii
1211 1168 1472 1218 disputatione
1501 1169 1705 1218 probatum
1736 1172 1803 1207 est.

481 1236 702 1275 Praemissa
730 1236 841 1285 pueri
869 1235 1118 1275 adlocutione
1148 1238 1284 1274 auctor
1313 1236 1364 1275 ad
1393 1248 1534 1275 novam
1564 1235 1861 1286 disputationem

369 1304 532 1351 accedit,
562 1315 639 1353 qua
670 1303 718 1342 de
748 1304 941 1353 Apolline
971 1304 1211 1353 Aesculapio
1241 1304 1370 1342 Diana
1398 1305 1535 1353 agitur.
1593 1304 1793 1353 Apollinis
1823 1307 1861 1342 et

369 1372 451 1410 eius
486 1372 630 1411 sororis
659 1372 853 1411 nominum
883 1372 1110 1422 veriloquia,
1140 1383 1240 1422 quae
1269 1371 1319 1410 ad
1349 1372 1442 1411 solis
1472 1374 1512 1411 et
1540 1372 1658 1410 lunae
1688 1374 1861 1411 naturam

368 1440 600 1488 referuntur,
630 1440 862 1478 coniunctim
892 1442 1105 1478 tractantur
1133 1441 1296 1479 similem
1326 1441 1367 1477 in
1392 1441 1546 1479 modum
1576 1443 1692 1489 atque
1712 1440 1861 1479 Cereris

370 1511 409 1547 et
447 1509 590 1547 Vestae
630 1520 667 1558 p.
688 1508 753 1546 52.
822 1508 986 1556 Deinde,
1026 1519 1101 1557 quo
1141 1507 1255 1547 modo
1294 1509 1503 1558 praecipue
1543 1507 1736 1556 differant,
1775 1508 1859 1547 bre-

370 1576 471 1614 viter
513 1576 728 1625 exponitur.
787 1575 857 1614 His
896 1588 920 1612 a
959 1575 1088 1613 verbis
1127 1578 1262 1614 auctor
1300 1576 1549 1624 peculiariter
1588 1574 1636 1613 de
1674 1575 1861 1625 Apolline

370 1655 486 1692 agere
533 1643 701 1682 inchoat.
778 1643 1004 1691 Postquam,
1058 1654 1226 1691 quonam
1278 1643 1392 1682 modo
1448 1642 1674 1692 fingeretur,
1728 1643 1861 1692 paucis

370 1710 613 1759 perstrictum
661 1712 735 1757 est,
785 1710 999 1759 insequitur
1044 1711 1315 1759 cognominum
1359 1710 1495 1757 series,
1531 1722 1555 1747 a
1594 1721 1671 1758 qua
1709 1709 1760 1747 ad
1798 1709 1862 1748 dei

370 1789 484 1816 sacra
526 1776 801 1827 pertractanda
845 1776 1072 1825 deflectitur,
1115 1777 1253 1826 quibus
1297 1777 1483 1816 absolutis
1527 1779 1662 1815 auctor
1705 1775 1755 1815 ad
1799 1788 1861 1815 co-

368 1845 593 1894 gnominum
612 1845 969 1894 interpretationem
986 1846 1201 1885 revertitur.
1247 1844 1494 1894 Cognominis
1510 1839 1655 1884 Παιάν
1669 1844 1862 1883 mentione

369 1913 474 1952 facta
504 1914 648 1963 optime
673 1913 723 1952 ad
742 1913 1020 1963 Aesculapium
1046 1914 1240 1952 transitur.
1290 1913 1459 1952 Primum
1489 1913 1572 1951 eius
1601 1924 1742 1951 nomen
1762 1912 1860 1951 deri-

369 1984 493 2028 vatur,
533 1980 675 2019 deinde
714 1980 806 2029 quid
846 1981 919 2019 sibi
957 1981 1055 2018 velit
1093 1981 1266 2028 baculus,
1305 1992 1420 2029 quem
1455 1983 1657 2029 serpentes
1692 1980 1861 2028 cingunt,

369 2047 590 2098 expeditur,
635 2048 884 2097 numinaque,
923 2059 1022 2097 quae
1062 2059 1147 2086 cum
1188 2060 1234 2086 eo
1273 2048 1407 2097 aliqua
1444 2046 1733 2086 necessitudine
1771 2058 1861 2086 con-

368 2116 502 2154 iuncta
532 2114 742 2154 creduntur
772 2127 871 2162 esse,
905 2116 1041 2165 paucis
1069 2116 1389 2164 perstringuntur.
1448 2115 1626 2163 Denique
1656 2114 1705 2151 de
1734 2114 1862 2152 Diana

369 2184 506 2232 agitur.
575 2182 671 2222 Cum
715 2182 798 2221 eius
841 2194 981 2221 nomen
1024 2184 1100 2221 iam
1144 2183 1185 2221 in
1224 2183 1363 2232 capitis
1400 2182 1512 2220 initio
1552 2181 1763 2220 derivatum
1803 2182 1861 2229 sit,

368 2251 497 2289 statim
529 2250 761 2299 cognomina
791 2253 1065 2298 congeruntur3
1097 2250 1236 2288 deinde
1267 2250 1315 2288 de
1344 2250 1495 2288 Hecata
1525 2248 1734 2296 disseritur,
1763 2260 1862 2298 quae

370 2330 448 2357 non
506 2319 587 2356 alia
643 2320 760 2366 atque
809 2317 938 2355 Diana
991 2318 1193 2367 accipitur,
1253 2317 1515 2367 compluribus
1569 2316 1861 2366 cognominibus

370 2387 558 2435 enarratis
604 2385 702 2423 deae
749 2385 825 2432 vis,
875 2396 975 2434 quae
1020 2383 1185 2437 χθονία
1225 2385 1533 2434 cognominatur,
1576 2383 1756 2433 pluribus
1794 2396 1860 2423 ex-

369 2455 536 2503 ponitur.
604 2454 745 2502 Neque
795 2453 1014 2501 neglegitur
1058 2453 1174 2491 tertia
1213 2452 1385 2492 eiusdem
1421 2451 1518 2490 deae
1553 2452 1679 2490 notio:
1719 2453 1859 2491 etenim

370 2521 506 2560 eadem
546 2520 698 2559 Lucina
735 2523 987 2570 nuncupatur.
1050 2519 1128 2560 Sub
1157 2519 1272 2559 finem
1297 2519 1468 2559 breviter
1496 2517 1666 2558 eiusdem
1695 2520 1861 2558 numinis

370 2590 547 2628 diversae
577 2589 757 2627 notiones
786 2591 825 2625 et
853 2589 955 2626 vires
986 2588 1377 2638 comprehenduntur.

482 2657 668 2696 Extremo
698 2655 969 2706 disputationis
999 2656 1126 2706 capite
1156 2655 1205 2695 de
1231 2656 1323 2694 Dite
1352 2656 1463 2706 patre
1493 2654 1628 2704 agitur.
1685 2655 1860 2694 Nominis

370 2726 444 2772 vis,
482 2725 530 2763 de
570 2736 648 2773 qua
686 2736 724 2772 p.
755 2723 792 2771 4,
821 2724 871 2760 16
888 2734 970 2772 sqq.
1011 2723 1247 2773 disputatum
1293 2725 1392 2769 erat,
1436 2722 1568 2771 primis
1606 2723 1736 2761 verbis
1775 2723 1860 2761 bre·

369 2793 469 2832 viter
509 2792 692 2842 tangitur.
752 2791 972 2840 Insequitur
1010 2791 1280 2842 cognominum
1313 2790 1593 2840 interpretatio.
1655 2789 1861 2830 Charontis
