2096 3129
1589 134 1669 172 103

186 242 469 300 φαινόμεναι,
509 240 610 301 ἦτοι
649 243 764 287 κατὰ
798 239 850 287 τὸ
887 243 977 299 ἔαρ.
1037 239 1150 288 ὅθεν
1185 244 1259 287 καὶ
1287 244 1315 302 ἡ
1342 240 1493 301 νύμφη
1523 243 1673 287 συντέ-

184 315 344 355 θειται.
403 310 543 355 οἱονεὶ
578 309 748 368 νεόμφη
786 312 860 354 καὶ
897 312 1117 362 Αἰολικοῦς
1156 310 1301 368 νύμφη
1340 314 1515 364 expediri
1553 325 1670 363 posse

183 383 290 419 ratus
327 381 445 420 scribi
482 382 568 419 vult
607 377 696 420 ἀπὸ
732 379 818 421 τοῦ
856 376 970 421 κατὰ
1003 377 1057 421 τὸ
1088 379 1207 430 νέον,
1236 374 1334 432 ἤτοι
1365 376 1481 420 κατὰ
1508 376 1560 421 τὸ
1591 377 1669 432 ἔαρ

185 445 374 500 φαίνειν,
405 447 474 488 sed
502 449 596 487 talis
624 449 723 487 ratio
753 448 829 486 iam
858 447 1174 487 antecedentibus
1205 448 1344 487 subest.
1397 449 1537 498 Neque
1565 447 1669 497 quod

185 515 366 556 Osannus
400 527 451 554 ex
486 515 719 555 editionibus
747 515 841 557 Ald.
871 518 910 554 et
938 515 1025 555 Bas.
1054 515 1176 565 recipi
1209 516 1318 555 iussit
1347 516 1552 567 φααὶι·ειν
1581 527 1668 566 pro-

184 582 316 623 babile
362 585 439 633 est,
485 583 590 634 quod
633 583 708 623 hoc
751 583 971 634 veriloquio
1010 583 1117 622 vocis
1161 582 1397 622 derivandae
1436 584 1541 633 prior
1578 595 1668 634 pars

184 652 419 700 neglegitur.
468 652 651 702 Suspicor
679 656 769 690 anto
790 649 965 703 φαίνειν
985 651 1135 701 aliquid
1156 652 1357 699 excidisse,
1386 653 1494 690 velut
1514 650 1670 692 νοτίδα

185 718 267 758 sive
296 711 452 760 νότιον
482 719 548 759 vel
576 718 728 770 aliquid
757 718 894 759 simile.

298 800 336 837 p.
364 787 430 836 51,
452 788 521 825 20:
561 788 734 837 Langius
777 786 941 826 fortasse
979 790 1085 826 recte
1125 787 1258 826 scribit
1297 785 1397 839 περὶ
1435 781 1586 826 πολλὰ
1621 785 1669 827 δὲ

186 846 368 908 ἀθρόως
405 851 479 894 καὶ
517 851 719 902 ποικίλας
757 847 784 911 ἦ
823 856 966 904 autem,
1006 853 1111 905 quod
1145 856 1235 893 ante
1266 850 1360 894 ἐπεί
1389 853 1564 899 inseruit,
1602 853 1668 893 de-

185 922 348 960 lendum
377 924 447 969 est,
476 922 580 970 quod
608 922 899 970 insequentibus
928 933 1007 960 non
1035 922 1144 960 aliud
1173 923 1429 970 veriloquium
1459 922 1669 968 derivatum

185 988 273 1037 sed,
313 987 407 1039 quid
435 989 595 1028 valeant
623 988 744 1028 verba
773 986 874 1042 περὶ
903 982 1053 1029 πολλὰ
1082 985 1130 1029 δὲ
1159 983 1341 1042 ἀθρόως
1370 986 1440 1028 καὶ
1471 986 1668 1038 ποικίλα,

184 1056 342 1107 planius
372 1057 588 1106 exponitur.
636 1057 757 1095 Recte
786 1057 949 1095 mutavit
967 1049 1004 1110 ἦ,
1034 1056 1139 1105 quod
1160 1056 1270 1095 codd.
1291 1068 1327 1106 p.
1349 1057 1412 1104 52,
1431 1058 1446 1094 l
1470 1058 1669 1106 praebent,

184 1124 225 1162 in
260 1121 348 1173 καί,
386 1135 460 1163 nec
495 1135 586 1163 vero
616 1125 737 1163 verba
765 1119 1004 1177 ἄμαλδύνει
1034 1121 1105 1163 καὶ
1137 1119 1274 1164 πάλιν
1304 1120 1492 1176 κεραΐζει
1521 1120 1671 1164 πάντα

184 1192 338 1241 integra
372 1193 477 1230 sunt:
517 1204 606 1230 nam
636 1192 829 1242 particula
857 1187 1006 1241 πάλιν,
1043 1203 1143 1241 quae
1172 1195 1262 1229 ante
1291 1192 1450 1230 verbum
1479 1189 1669 1244 κεραΐζει

184 1259 339 1309 legitur,
377 1259 469 1298 satis
505 1259 611 1298 clare
645 1258 839 1298 indicatur
865 1260 907 1298 in
940 1259 1069 1309 priore
1097 1259 1267 1298 membro
1297 1260 1456 1298 verbum
1485 1259 1669 1309 scriptum

185 1325 319 1375 fuisse,
364 1326 472 1365 cuius
515 1327 620 1365 notio
660 1327 770 1365 verbi
814 1323 1001 1380 κεραΐζει
1047 1327 1239 1366 contraria
1276 1330 1344 1366 est.
1411 1327 1550 1377 Neque
1589 1327 1668 1365 scio

186 1406 236 1432 an
263 1395 361 1432 talia
389 1394 595 1433 scribenda
623 1395 715 1433 sint:
747 1387 834 1447 ἅμα
864 1387 1062 1434 ἆλδαίνει
1090 1392 1165 1434 καὶ
1194 1390 1331 1434 πάλιν
1359 1391 1559 1447 κεραΐζει.

298 1473 335 1512 p.
357 1461 421 1510 53,
437 1463 480 1500 8:
520 1461 702 1501 Codicum
740 1462 948 1501 lectionem
987 1461 1041 1517 γῆ
1075 1474 1124 1502 τε
1159 1459 1233 1501 καὶ
1266 1457 1394 1514 χθών
1428 1461 1670 1500 retinendam

187 1540 272 1568 esse
302 1541 324 1568 e
353 1528 564 1577 Philoxeni
591 1529 840 1568 similitudine
871 1532 1043 1579 apparet.

298 1607 335 1645 p.
358 1596 422 1644 67,
438 1597 508 1636 22;
546 1596 654 1635 Haec
689 1596 740 1634 ad
779 1596 898 1635 verba
936 1595 1162 1646 refingenda
1190 1597 1329 1646 Langii
1363 1600 1402 1635 et
1430 1597 1586 1635 Ioannis
1621 1597 1670 1635 ab

186 1663 326 1703 Arnim
365 1663 608 1703 coniecturas
647 1662 935 1714 coniungendas
972 1675 1058 1703 esse
1091 1666 1202 1715 puto,
1231 1665 1301 1713 ita,
1330 1667 1372 1703 ut
1400 1664 1442 1703 in
1472 1676 1534 1713 ea,
1570 1675 1670 1714 quae

186 1733 356 1782 Langius
393 1733 511 1772 scribi
548 1733 648 1781 vult,
687 1733 877 1772 inseratur
913 1724 1058 1773 αὐτοῦ
1063 1765 1074 1781 ,
1114 1732 1218 1783 quod
1256 1734 1421 1772 Ioannes
1452 1733 1500 1772 ab
1530 1733 1669 1772 Arnim

186 1803 273 1849 post
302 1796 392 1840 ὑπό
423 1801 636 1850 supplevit;
673 1801 835 1849 legerim
864 1801 994 1850 igitur:
1025 1798 1099 1840 καὶ
1127 1797 1207 1848 τὰς
1235 1801 1329 1840 τῶν
1357 1796 1488 1854 ζῴων
1516 1795 1670 1851 φωνὰς

188 1865 263 1907 καὶ
292 1863 506 1916 ὡσαύτως
533 1863 638 1917 τοὺς
667 1866 761 1908 τῶν
789 1861 941 1908 ἄλλων
968 1863 1187 1921 σωμάτων
1216 1863 1413 1921 ψόφους,
1443 1866 1488 1908 οἳ
1517 1864 1589 1909 διὰ
1617 1863 1670 1908 τὸ

186 1933 470 1987 ξηραίνεσθαι
497 1934 718 1988 χρησίμως
745 1928 824 1975 ὑπ’
853 1929 995 1974 αὐτοῦ
1025 1930 1105 1975 τὸν
1135 1928 1239 1987 ἀέρα
1270 1928 1574 1976 ἀποδίδονται.

376 2170 444 2213 De
474 2171 716 2214 nonnullis
747 2171 938 2215 vocibus
967 2171 1213 2215 inusitatis
1243 2172 1293 2214 in
1322 2172 1489 2215 libello

684 2248 974 2295 Cornutiano
1006 2250 1173 2295 obviis·

305 2340 339 2378 1.
377 2332 635 2389 ἆνέκθυτος.
695 2353 732 2391 p.
762 2342 865 2390 11,3
900 2342 941 2380 in
976 2342 1173 2381 codicibus
1209 2353 1235 2380 a
1269 2343 1412 2392 legitur
1440 2336 1669 2383 ἅνέκθυτα

187 2404 321 2455 (codd.
361 2408 383 2445 b
421 2409 612 2458 praebent
650 2400 906 2458 ἇνέκλυτα).
975 2401 1230 2449 ἆνέκθυτον
1275 2411 1401 2449 scelus
1447 2414 1520 2458 est,
1564 2410 1668 2459 quod

187 2472 385 2513 sacrificiis
413 2475 514 2525 piari
541 2475 684 2525 nequit.
734 2475 912 2516 Ceterum
933 2475 1122 2516 Cornutus
1151 2476 1191 2514 in
1221 2476 1371 2516 deliciis
1400 2477 1516 2515 habet
1540 2477 1667 2516 adiec-

187 2539 267 2577 tiva
296 2552 382 2579 cum
410 2543 613 2591 particulis
643 2537 717 2583 a'v—
746 2542 843 2591 δυς-
872 2540 938 2583 εὖ·
968 2545 1162 2593 copulata.

302 2607 338 2646 2.
377 2609 496 2649 Verbi
526 2607 612 2650 δέω
641 2610 846 2661 participia
874 2623 898 2649 a
927 2610 1095 2650 Cornuto
1124 2611 1380 2661 personaliter
1409 2610 1597 2659 dicuntur,
1626 2614 1669 2650 ut

189 2667 213 2710 ὁ
247 2670 362 2713 δέων
401 2676 434 2714 is
473 2677 537 2724 sit,
577 2689 652 2725 quo
692 2689 789 2726 opus
825 2680 885 2716 est
923 2677 974 2715 ad
1009 2678 1181 2726 aliquam
1215 2690 1319 2730 rem„
1336 2677 1384 2715 cf.
1413 2689 1450 2726 p.
1471 2677 1576 2724 24,3
1608 2675 1668 2724 εἰς

188 2731 270 2795 τὴν
309 2737 499 2784 δέουσαν
527 2774 536 2784 .
561 2775 569 2784 .
592 2775 601 2786 ,
644 2733 768 2794 ὁδόν,
807 2755 844 2797 p.
869 2743 1000 2794 15,16
1041 2742 1116 2784 καὶ
1149 2739 1362 2799 πράττειν
1400 2739 1458 2785 τὰ
1493 2741 1667 2786 δέοντα.
