2096 3129
1605 139 1658 178 89

179 253 384 306 exponitur
424 252 639 303 Herculem¹
682 252 894 292 Iuventatis
946 252 1122 292 maritum
1171 264 1256 292 esse
1300 252 1348 291 ab
1398 253 1549 292 insulae
1593 252 1663 292 Coi

179 322 321 361 incolis
348 320 461 369 tradi,
473 322 501 370 1)
529 321 696 359 Ioannes
725 321 774 359 ab
793 320 931 359 Arnim
960 320 1011 359 ad
1035 321 1147 359 illam
1166 321 1360 370 pertinere
1380 323 1513 360 censet
1541 323 1591 368 et,
1620 323 1662 359 ut

179 390 287 440 prior
315 399 494 427 versuum
524 387 835 438 Euripideorum,
873 388 940 438 qui
974 388 1151 437 citantur,
1188 388 1229 426 in
1257 400 1334 437 quo
1364 383 1662 441 εὕτουοότεραι

178 457 333 506 legitur,
373 455 424 494 ad
462 456 669 495 Herculem
707 455 905 495 iuventute
943 455 1160 506 praeditum
1198 456 1374 495 revocari
1411 457 1549 506 possit,
1587 467 1659 506 pro

180 519 319 564 αὐτόν
338 535 376 573 p.
393 523 457 572 64,
474 523 510 570 5,
531 522 635 572 quod
648 522 819 572 Langius
839 523 947 561 uncis
963 523 1115 572 saepsit,
1123 523 1157 572 2)
1177 523 1309 561 scribit
1327 515 1385 563 αὖ
1406 518 1457 563 τὸ
1479 522 1604 575 σῶμα
1618 517 1659 577 ἦ.

180 590 257 630 Sed
295 589 394 629 haec
435 590 656 628 coniectura
694 589 850 639 gravior
887 592 945 629 est
983 601 1057 628 nee
1092 601 1268 628 sermone
1298 590 1531 629 Cornutiano
1567 590 1659 628 satis

179 658 309 698 fulciri
343 660 479 709 potest.
490 658 522 708 ³)
580 658 788 697 Praeterea
817 670 841 696 a
871 658 1121 708 grammatico
1151 657 1319 707 quodam
1348 657 1500 697 Stoicae
1528 660 1659 697 sectae

180 726 335 765 addicto
383 725 572 765 Hercules
621 726 688 764 vix
729 725 892 764 audierit
937 728 1067 765 mente
1116 725 1277 764 inferior
1325 737 1439 775 quam
1487 737 1659 776 corpore.

179 796 314 844 Itaque
353 793 428 833 hoc
472 793 521 833 de
560 795 649 833 loco
689 793 781 844 quid
819 793 1063 833 statuendum
1102 794 1164 842 sit,
1208 794 1249 832 in
1286 794 1432 833 incerto
1470 794 1659 844 relinquo.

178 862 225 901 Id
263 864 390 900 autem
428 861 682 900 confidentius
720 861 913 900 contendo
943 862 1068 900 virum
1104 861 1258 900 doctum
1288 872 1454 910 errasse,
1495 873 1580 900 cum
1617 862 1658 899 in

179 930 288 969 initio
336 930 472 979 eapitis
515 941 586 979 pro
631 924 783 982 λόγος,
822 928 928 978 quod
973 928 1127 968 codices
1171 928 1371 977 exhibent,
1415 929 1659 969 scribendum

179 1009 264 1036 esse
302 997 450 1036 censuit
483 992 633 1044 τόνος;
671 1008 760 1035 nam
799 991 943 1049 λόγος,
983 992 1091 1036 καθ’
1120 989 1175 1037 ὅν
1202 1027 1212 1037 .
1235 1028 1244 1036 .
1267 1028 1276 1036 .
1307 1008 1583 1047 saepenumero
1617 998 1659 1035 in

179 1065 339 1104 Cornuti
376 1065 513 1104 libello
553 1065 734 1104 occurritt
774 1064 821 1104 cf.
850 1065 891 1103 in
919 1065 1051 1115 primis
1081 1076 1117 1115 p.
1137 1065 1244 1114 4,13
1276 1061 1362 1105 εἴτε
1392 1060 1523 1118 λόγος
1551 1063 1659 1105 καθ’

179 1125 232 1172 ὃν
277 1130 376 1172 ἰδίει
414 1128 441 1187 ἡ
482 1128 628 1183 φύσις;
675 1144 774 1182 quae
818 1133 1026 1183 explicatio
1069 1134 1200 1172 nescio
1245 1145 1296 1171 an
1340 1132 1464 1172 eidem
1509 1133 1659 1172 auctori

178 1201 363 1240 debeatur
402 1204 517 1251 atque
556 1200 737 1240 Herculis
776 1201 1060 1251 explanationis
1099 1201 1258 1239 initium.
1315 1201 1405 1240 Non
1443 1201 1559 1251 igitur
1588 1203 1658 1250 est,

178 1280 251 1307 eur
283 1271 404 1307 totum
450 1271 567 1318 eaput
613 1268 793 1308 Cleanthi
832 1268 1052 1308 tribuamus.
1118 1269 1165 1308 Id
1205 1272 1332 1308 autem
1370 1272 1522 1308 constat
1565 1269 1657 1308 Cor-

177 1338 310 1374 nutum
339 1336 548 1386 allegorias
578 1335 778 1375 duodecim
807 1336 986 1376 Herculis
1015 1336 1193 1376 laborum
1222 1349 1246 1375 a
1266 1336 1454 1376 Cleanthe
1482 1337 1657 1387 prolatas

176 1403 445 1453 undecumque
474 1403 692 1453 agnovisse.

288 1471 368 1510 Has
397 1470 507 1510 nobis
536 1473 708 1510 servatas
738 1481 821 1510 esse
851 1471 891 1509 in
909 1470 1101 1510 Heracliti
1125 1471 1325 1521 personati
1343 1471 1435 1510 libri
1455 1471 1582 1521 capite
1603 1471 1655 1509 33

175 1540 332 1577 Miiuzel
362 1538 426 1587 (de
445 1538 582 1588 Apoll.
602 1551 640 1588 p.
657 1539 709 1576 27
730 1537 818 1579 adn.
836 1538 877 1589 2)
907 1551 931 1577 a
951 1539 1110 1579 Cornuti
1129 1538 1398 1589 disputationis
1418 1539 1466 1578 de
1486 1539 1656 1577 Hercule

176 1609 348 1645 extremo
377 1605 573 1656 profectus
602 1606 818 1656 suspicatus
847 1608 915 1645 est.
963 1605 1040 1646 Sed
1061 1606 1220 1654 Cornuti
1240 1618 1261 1645 e
1280 1606 1409 1645 verbis
1429 1605 1655 1646 Cleanthem

175 1674 383 1713 Herculem
422 1673 535 1712 deum
576 1685 663 1712 esse
697 1674 867 1712 voluisse
906 1674 1089 1722 sequitur,
1126 1673 1231 1723 apud
1260 1674 1500 1713 Heraclitum
1529 1676 1655 1712 autem

177 1733 287 1794 ἀνὴρ
319 1736 498 1794 ἔμφρων
526 1738 600 1781 καὶ
630 1738 787 1792 σοφίας
808 1736 1024 1794 ου’ρανίου
1043 1737 1210 1794 μύστης
1228 1741 1478 1791 intellegitur.
1528 1740 1655 1787 Quare

174 1820 265 1847 num
296 1809 400 1858 apud
429 1821 516 1847 eum
545 1808 760 1848 Cleanthea
789 1808 1132 1858 deprehendamus,
1161 1809 1332 1847 Pearson
1361 1809 1429 1859 (ad
1454 1808 1655 1848 Cleanthis

174 1875 308 1926 fragm.
330 1876 400 1925 62)
429 1875 547 1914 valde
583 1875 739 1914 dubium
774 1886 859 1914 esse
886 1876 969 1914 iure
998 1875 1196 1914 contendit
1224 1879 1263 1914 et
1291 1876 1340 1914 A.
1359 1877 1403 1914 B.
1432 1875 1654 1914 Krischium

175 1943 579 1994 (Die’theologischen
598 1942 751 1983 Lehren
772 1942 840 1982 der
859 1942 1127 1993 griechischen
1146 1943 1306 1983 Denker
1325 1943 1468 1994 (1840)
1496 1955 1536 1994 p.
1555 1943 1653 1993 400)

288 2088 316 2133 ¹)
346 2087 404 2123 Fr.
426 2087 544 2133 Baek,
576 2088 632 2123 De
663 2087 881 2123 Graecorum
909 2087 1142 2123 caeremoniis
1173 2090 1242 2122 ete.
1272 2086 1376 2131 (diss.
1400 2086 1518 2121 Berol.
1540 2087 1652 2131 1883),

176 2143 239 2188 qui
269 2143 364 2180 tituli
388 2152 416 2179 ‘a
446 2143 597 2189 Rossio‚
628 2143 884 2189 Inscriptiones
913 2142 1074 2180 Graecae
1096 2142 1256 2178 ineditae
1279 2141 1334 2177 111
1356 2153 1391 2187 p.
1410 2144 1485 2186 311,
1516 2141 1653 2187 publici

173 2200 260 2236 iuris
284 2200 371 2236 faeti
394 2200 462 2236 col.
485 2200 514 2236 C
537 2200 585 2236 ad
609 2196 714 2246 ἱερόν
737 2197 863 2246 γάμον
886 2199 1052 2236 Herculis
1076 2202 1114 2236 et
1136 2199 1227 2235 deae
1250 2199 1457 2235 heroidisve
1479 2198 1516 2233 in
1537 2198 1653 2235 insula

174 2255 251 2293 Coo
274 2266 341 2303 per
364 2256 605 2293 caeremonias
629 2256 849 2293 celebratum
871 2255 995 2302 refert,
1017 2255 1123 2292 huius
1144 2255 1216 2291 loci
1238 2254 1445 2291 Cornutiani
1466 2255 1653 2290 immemor

173 2312 370 2350 Minervam
393 2313 506 2350 solam
530 2323 575 2350 ex
599 2313 677 2350 deis
702 2312 766 2349 illo
784 2323 886 2350 sacro
910 2312 1056 2350 Herculi
1079 2316 1230 2359 nuptum
1254 2312 1373 2348 datam
1397 2321 1476 2348 esse
1500 2311 1652 2357 cogitari

173 2380 283 2414 posse
306 2370 505 2406 contendit.
544 2370 712 2406 Ceterum
737 2364 859 2406 αἴτιον
880 2379 902 2406 a
923 2369 1116 2406 Plutarcho
1139 2369 1203 2413 Qu.
1222 2369 1282 2405 Gr.
1299 2372 1341 2404 58
1365 2371 1544 2404 narratum
1558 2367 1651 2404 falso

174 2437 254 2462 cum
274 2427 336 2463 illa
349 2427 585 2473 inscriptione
601 2427 797 2474 coniungit,
814 2427 860 2463 de
878 2437 948 2473 qua
963 2430 1062 2464 recte
1077 2426 1325 2463 iudicaverunt
1340 2426 1454 2461 Paton
1472 2428 1510 2460 et
1524 2424 1651 2470 Hicks,

173 2483 253 2519 The
275 2483 505 2529 inscriptions
529 2483 573 2521 of
592 2484 676 2530 Cos,
698 2495 734 2530 p.
752 2487 806 2520 76.

286 2541 315 2584 ¹)
339 2540 523 2576 Abhorret
545 2540 590 2576 ab
614 2550 684 2576 usu
707 2540 866 2576 dicendi:
891 2539 938 2575 cf.
961 2551 998 2585 p.
1016 2543 1068 2585 74,
1083 2543 1135 2574 12.

285 2596 314 2642 ⁸)
338 2596 467 2642 Neque
492 2596 584 2633 enim
609 2591 656 2632 αὖ
679 2596 716 2632 in
739 2595 853 2633 libelli
876 2596 1066 2632 codicibus
1088 2606 1239 2641 usquam
1261 2594 1402 2641 legitur.
1437 2593 1590 2630 Ioannes
1604 2594 1650 2630 ab

172 2651 297 2687 Arnim
319 2664 355 2697 p.
374 2655 457 2698 68‚1
485 2653 610 2689 scribit
633 2647 685 2694 ὡς
709 2648 756 2689 αὗ
780 2650 869 2694 τοὺς
886 2655 962 2688 τῶν
978 2650 1086 2696 ζώων
1103 2650 1262 2698 ψόφους,
1287 2662 1393 2697 quam
1409 2651 1651 2687 coniecturam

172 2717 246 2743 non
275 2711 376 2745 extra
407 2719 548 2746 omnem
579 2708 840 2746 dubitationem
875 2709 1030 2755 positam
1062 2718 1145 2745 esse
1174 2711 1263 2754 puto
1295 2707 1381 2753 (hoc
1412 2707 1458 2744 de
1489 2703 1574 2744 loco
1605 2707 1650 2744 cf.

161 2763 293 2809 infra).
338 2764 432 2809 Quid
462 2769 582 2802 autem
613 2761 660 2802 αὗ
684 2766 720 2802 in
742 2766 804 2802 illa
826 2766 1004 2802 sententia
1025 2776 1062 2811 p.
1079 2769 1119 2801 63
1144 2765 1213 2801 sibi
1236 2764 1339 2811 velit,
1370 2775 1442 2801 non
1464 2764 1652 2811 intellego.
