2096 3129
378 165 402 202 6

377 273 566 325 ἐτέλεσε,
607 270 856 325 τοσούτους
895 270 1118 329 ἀριθμούς
1157 273 1402 328 ἐξελίττων.
1461 277 1522 316 En
1557 277 1722 316 recurrit
1749 270 1870 316 πάνυ

376 339 574 393 εἰκότως.
657 344 790 394 Atque
839 345 954 383 etiam
1003 345 1208 394 genetivus
1257 346 1477 394 absolutus,
1526 357 1602 396 quo
1644 346 1686 384 in
1727 344 1868 384 libello

376 411 612 452 Cornutiano
640 411 741 450 nihil
767 412 894 450 tritius
924 413 993 461 est,
1022 414 1163 459 monet,
1191 414 1234 451 ut
1259 412 1359 452 haec
1378 413 1500 453 verba
1518 413 1629 452 uncis
1647 413 1867 452 liberemus.

490 491 528 529 p.
550 480 586 527 9,
606 479 774 518 10—-11
807 475 854 519 αἳ
881 474 934 534 δὴ
954 471 1045 520 α’πὸ
1065 478 1149 519 τοῦ
1169 472 1335 521 ἀΐσσειν
1354 476 1408 521 τὸ
1428 474 1571 534 ὄνομα
1590 475 1732 533 ἔσχον.
1781 479 1866 517 Hae

378 547 420 584 in
445 547 637 585 sententia
667 546 920 585 certissimum
941 545 1101 584 Cornuti
1127 547 1249 596 ipsius
1277 559 1414 586 manus
1432 547 1615 586 indicium
1633 548 1752 586 incst:
1780 557 1869 596 pro-

377 625 519 653 nomen
554 614 656 652 enim
690 614 896 652 relativum
932 625 1017 652 cum
1051 614 1247 663 particula
1282 611 1335 669 δή
1369 615 1543 655 iunctum
1579 614 1800 665 saepissime
1827 613 1869 651 in

378 682 480 721 libro
510 681 745 722 Cornutiano
775 681 888 720 nobis
918 681 1073 720 obvium
1103 684 1172 721 est.
1184 683 1215 732 ¹)

493 761 531 799 p.
556 749 618 797 12,
638 749 687 787 19
719 743 939 802 σύλληψιν
967 744 995 802 ἡ
1028 748 1067 789 s]
1096 743 1294 804 συλλαβὴ
1326 747 1516 803 περιέχει
1550 745 1758 802 καθάπερ
1793 745 1868 788 καὶ

377 814 426 857 ἐν
446 816 511 870 τῷ
532 813 678 870 εἱρμῷ.
714 817 812 856 Tam
833 816 1048 866 depravata
1067 819 1166 866 sunt,
1186 828 1288 866 quae
1308 817 1422 856 codd.
1443 817 1636 866 exhibent,
1656 820 1698 856 ut
1717 827 1867 856 omnem

378 884 624 924 coniectandi
663 895 821 934 operam
850 883 1097 932 frustrentur3
1136 895 1264 934 neque
1292 884 1433 934 liquet,
1471 888 1597 925 utrum
1625 884 1722 924 haec
1749 883 1869 923 verba

379 952 577 991 subditiva
605 952 683 990 sint
709 963 846 991 necne.

491 1030 529 1068 p.
553 1018 615 1066 15,
634 1018 798 1056 10—11
819 1017 886 1071 τῷ
905 1016 981 1058 καὶ
999 1012 1079 1066 τὰς
1098 1011 1255 1072 ἀρετὰς
1273 1016 1350 1058 καὶ
1370 1013 1453 1073 τὴν
1472 1017 1676 1060 παιδείαν
1692 1012 1868 1072 θηλυκὰ

378 1079 579 1138 ὀνόματα
605 1082 654 1126 ἐκ
675 1081 808 1140 τύχης
833 1080 959 1138 ἔχειν.
1015 1087 1180 1137 Propter
1203 1085 1366 1136 phrasin
1387 1081 1584 1139 ὀνόματα
1606 1081 1732 1139 ἔχειν,
1753 1097 1868 1136 quam

379 1154 495 1192 etiam
524 1165 561 1203 p.
583 1154 620 1201 9,
639 1153 690 1191 10
720 1154 897 1202 legimus,
927 1153 1025 1192 haec
1054 1153 1175 1192 verba
1199 1154 1359 1193 Cornuti
1386 1154 1509 1204 ipsius
1535 1165 1619 1193 esse
1644 1165 1868 1204 persuasum

377 1220 503 1259 habeo
543 1219 808 1269 (ceterum‘cf.
835 1219 993 1273 κλῆσιν
1023 1215 1137 1274 ἔχειν
1161 1233 1199 1271 p.
1220 1221 1285 1269 48,
1303 1222 1341 1262 2.
1373 1221 1436 1269 74,
1454 1221 1518 1259 24.
1550 1221 1614 1269 75,
1633 1221 1683 1271 1).
1731 1221 1868 1270 Neque

379 1287 505 1327 editor
535 1299 583 1327 ea
612 1287 833 1337 delevisset,
871 1289 915 1336 si,
945 1299 1113 1338 quonam
1148 1287 1262 1328 modo
1290 1287 1560 1338 intellegenda
1589 1291 1728 1337 essent,
1764 1291 1869 1328 recte

378 1356 661 1405 perspexisset:
690 1356 886 1394 Musarum
915 1356 1072 1394 nomina
1100 1358 1236 1394 auctor
1265 1356 1438 1406 explicat
1465 1356 1612 1394 idcirco
1642 1367 1727 1395 esse
1755 1367 1869 1395 sexus

379 1423 570 1472 feminini,
609 1422 715 1471 quod
749 1423 865 1461 etiam
894 1423 1078 1461 virtutum
1108 1425 1147 1461 et
1176 1422 1416 1462 educationis
1443 1423 1731 1472 appellationes
1757 1422 1869 1461 huius

379 1490 534 1540 generis
569 1490 662 1537 sint,
701 1501 838 1538 quare,
873 1491 942 1539 qui
971 1483 1170 1542 ὀνόματα
1203 1486 1378 1538 ἔθεντο,
1407 1490 1457 1528 ad
1486 1489 1699 1539 perfectam
1729 1490 1868 1528 artium

376 1557 601 1596 liberalium
621 1557 881 1606 cognitionem
902 1556 1192 1606 adipiscendam
1213 1568 1310 1607 opus
1330 1568 1415 1596 esse
1430 1557 1627 1596 umbratili
1642 1559 1681 1595 et
1696 1556 1869 1605 adsidua,

380 1625 510 1675 qualis
543 1624 726 1663 mulieres
761 1623 914 1673 deceat,
949 1623 1140 1664 industria
1180 1624 1399 1675 significare
1434 1624 1642 1664 voluerint.
1704 1624 1765 1663 De
1800 1635 1868 1663 vo-

380 1693 513 1731 cabuli
541 1688 796 1744 ἒνδομενεία
825 1693 865 1729 vi
893 1691 984 1730 vide
1012 1692 1126 1730 infra.

493 1770 533 1809 p.
553 1760 614 1809 18,
632 1759 740 1797 7-9
763 1756 879 1808 τινὲς
900 1752 939 1800 δ’
962 1751 1167 1812 Οὐρανοῦ
1187 1757 1261 1800 καὶ
1278 1758 1368 1813 Γῆς
1389 1754 1558 1819 ἔφασαν
1577 1754 1713 1808 αὐτὰς
1732 1758 1871 1811 φῦναι

379 1826 440 1875 οὖς
475 1823 771 1880 α’ρχαιότατον
809 1823 1016 1880 ἡγεῖσθαι
1054 1821 1137 1867 τὸν
1164 1825 1268 1880 περὶ
1296 1822 1475 1867 τούτων
1506 1822 1643 1880 λόγον
1673 1825 1868 1875 δέοντος.

381 1894 593 1934 Genetivus
623 1894 823 1933 absolutus
854 1891 1046 1943 δέοντος,
1076 1894 1125 1934 de
1155 1905 1231 1944 quo
1260 1893 1364 1933 infra
1392 1894 1515 1934 verba
1533 1894 1684 1943 faciam,
1713 1894 1870 1934 Cornuti

379 1961 567 2000 sermonis
600 1961 780 2011 proprius
813 1964 888 2010 est,
929 1972 1050 2010 quare
1088 1961 1187 2001 haec
1221 1962 1343 2001 verba
1381 1973 1460 2000 non
1488 1964 1650 2012 possunt
1679 1972 1763 2000 esse
1792 1973 1870 2001 non

382 2029 563 2079 genuina.

496 2107 534 2145 p.
558 2096 620 2144 19,
640 2097 803 2134 11-12
831 2094 1091 2149 χαρίζεσθαι
1120 2092 1279 2137 πολλὰ.
1329 2098 1430 2137 Unci
1454 2096 1621 2136 tollendi
1641 2099 1750 2144 sunt3
1779 2099 1869 2136 ante

378 2160 639 2215 χαρίζεσθαι
667 2163 927 2213 supplendum
957 2166 1014 2203 est
1043 2161 1128 2204 καί.

493 2242 531 2280 p.
552 2230 774 2279 20,5—14
804 2227 967 2285 ἱλαρῶς
1003 2229 1049 2272 δὲ
1084 2229 1329 2285 εὐεργετεῖν
1366 2229 1547 2279 δέοντος
1582 2228 1655 2270 καὶ
1686 2226 1870 2284 ἱλαροὺς

379 2297 615 2339 ποιουσῶν
642 2293 752 2346 τοὺς
782 2290 1179 2353 εὐεργετουμένους
1208 2299 1301 2341 τῶν
1333 2297 1557 2353 Χαρίτων,
1586 2299 1771 2352 πρῶτον
1789 2296 1870 2353 μὲν

380 2365 547 2414 κοινῶς
585 2357 675 2406 ἀπὸ
715 2366 794 2419 τῆς
828 2366 965 2420 χαρᾶς
1004 2366 1142 2408 πᾶσαι
1184 2364 1373 2421 Χάριτες
1411 2359 1721 2420 ω’νομασμέναι
1761 2364 1867 2409 εἰσί·

379 2431 454 2473 καὶ
494 2427 711 2486 εὔμορφοι
750 2430 797 2475 δὲ
836 2432 1043 2488 λέγονται
1078 2429 1191 2476 εἶναι
1226 2433 1301 2476 καὶ
1335 2429 1538 2488 εὐήδειαν
1575 2433 1648 2475 καὶ
1677 2431 1870 2477 πιθανό-

379 2513 492 2554 τητα
534 2499 818 2553 χαρίζεσθαι·
865 2497 959 2542 εἶτα
1001 2501 1099 2543 κατ’
1140 2499 1259 2543 ἰδίαν
1301 2500 1329 2558 ἡ
1368 2500 1452 2553 μὲν
1489 2498 1661 2555 Ἀγλαΐα
1703 2512 1869 2557 προση·

380 2563 605 2622 γόρευται,
640 2564 667 2621 ἡ
702 2566 749 2609 δὲ
782 2564 966 2620 Θάλεια,
1003 2566 1029 2623 ἡ
1063 2567 1109 2611 δὲ
1139 2563 1430 2624 Εὕφροσύνη,
1467 2565 1540 2610 διὰ
1567 2569 1705 2611 τοῦτο
1735 2568 1869 2612 ἐνίων

494 2667 523 2710 ¹)
555 2666 675 2703 Semel
705 2667 801 2703 hunc
831 2668 868 2703 in
898 2668 1047 2705 modum
1077 2669 1176 2715 apud
1198 2668 1422 2705 Heraclitum
1453 2672 1685 2714 personatum
1715 2670 1870 2716 legimus

382 2724 512 2815 (p.-((534,
534 2725 575 2759 15
606 2722 750 2769 Oelm.):
786 2720 853 2768 νὺξ
876 2718 922 2770 ἦν
946 2721 991 2760 w*
1019 2718 1181 2770 σύμπαν,
1207 2720 1228 2761 ὃ
1255 2721 1301 2771 δή
1323 2721 1418 2771 χάος
1440 2727 1610 2771 ποιητῶν
1633 2723 1867 2773 ὀνομάζουσι

380 2791 448 2815 παι
473 2791 524 2822 ες.
