2096 3129
1605 195 1659 238 49·

178 314 386 354 Cornutum
416 327 452 365 p.
477 315 537 364 10,
554 316 607 355 20
623 327 708 366 sqq.
738 317 900 354 exstant.
949 314 1111 353 Etiamsi
1140 314 1334 354 Cornutea
1363 316 1402 352 et
1426 312 1662 363 Apollodori

177 381 434 432 fragmentum
473 395 553 422 non
592 383 696 422 omni
725 394 746 421 e
775 384 887 432 parte
925 383 1157 431 congruunt,
1194 383 1324 420 tamen
1352 383 1460 419 tanta
1487 381 1589 419 inter
1616 391 1664 419 ea

175 449 381 489 intercedit
409 450 666 499 necessitudo,
695 452 738 488 ut
765 450 833 488 vix
861 448 1019 487 dubium
1048 449 1108 498 sit,
1137 449 1230 498 quin
1260 447 1449 487 Cornutus
1477 459 1527 487 ex
1554 447 1663 486 illius

178 517 353 556 doctrina
371 518 555 567 pendeat;
577 522 643 557 aut
658 530 715 565 ea,
736 528 836 567 quae
856 516 960 566 apud
978 517 1090 555 illum
1104 517 1263 564 invenit,
1282 516 1485 566 paululum
1502 515 1663 555 detorsit

177 587 215 624 et
243 585 414 634 invertit,
451 589 516 624 aut
545 585 650 635 quod
678 585 923 625 verisimilius
951 584 1104 623 videtur
1132 596 1233 634 esse,
1263 583 1530 634 Apollodorus
1559 594 1659 622 com-

176 653 290 701 plura
328 654 545 701 protulerat
584 653 820 702 veriloquis,
859 664 881 690 e
916 653 1055 701 quibus
1090 653 1360 701 grammaticus
1389 651 1513 699 aliud,
1553 651 1662 689 aliud

178 719 368 760 Cornutus
385 721 598 771 exscripsit.
627 721 751 759 Plane
762 732 855 760 vero
873 731 957 759 cum
969 719 1205 770 Apollodori
1219 719 1499 769 interpretandi
1512 719 1662 758 ratione

178 788 370 827 consentit
390 789 548 829 Cornuti
577 790 686 828 vocis
704 789 977 841 παλαμναϊοι
997 788 1232 839 explanatio.
1279 788 1331 827 Ut
1350 787 1455 838 apud
1484 799 1581 836 eum,
1608 787 1663 826 ita

176 857 217 893 in
259 857 500 906 Apollodori
544 856 760 906 fragmento
799 868 878 895 non
917 857 1022 895 Iovis
1061 868 1286 906 cognomen,
1328 856 1397 894 sed
1425 856 1531 894 vocis
1562 847 1661 895 ἀλά-

179 932 298 976 στωρ
329 925 586 974 veriloquium
615 925 848 974 explicatur;
879 924 1034 963 Mfinzel
1061 924 1136 964 hoc
1165 925 1377 963 observans
1406 927 1512 963 recte
1541 922 1660 962 adno-

175 992 296 1029 tavit:
340 992 405 1030 Ex
447 990 683 1041 Apollodori
730 995 860 1032 autem
910 993 956 1031 de
1007 993 1066 1031 dis
1117 992 1224 1031 libris
1272 992 1394 1031 hamo·
1420 993 1661 1031 notationem

178 1060 418 1108 desumptam
453 1062 677 1109 putaverim
720 1073 799 1100 non
842 1062 1041 1099 inmemor
1077 1061 1184 1099 Iovis
1223 1056 1477 1113 ἀλάστορος.
1550 1060 1661 1099 Vocis

177 1122 380 1182 ἀλάστωρ
413 1130 513 1167 enim
533 1129 703 1178 perbene
720 1130 1000 1179 yrammatieus
1019 1127 1274 1170 Atheniensis
1293 1130 1485 1168 rationem
1502 1128 1660 1167 reddere

168 1198 303 1244 potuit
343 1197 412 1235 ubi
457 1199 503 1236 de
548 1198 610 1236 dei
655 1199 888 1247 cognomine*
917 1198 1067 1247 ayebat.
1135 1199 1254 1237 Recte
1292 1197 1367 1236 hac
1405 1197 1454 1236 de
1492 1209 1535 1236 re
1574 1209 1659 1235 eum

175 1263 365 1303 iudicasse
408 1266 496 1304 loco
536 1265 772 1305 Cornutiano
816 1266 958 1316 optime
1001 1265 1197 1315 probatur.
1265 1264 1481 1304 Reinhardt
1518 1277 1556 1315 p.
1582 1265 1660 1302 120

175 1334 350 1381 apertum
391 1344 477 1371 esse
517 1333 718 1372 contendit
753 1334 973 1372 continuam
1003 1334 1273 1383 cognominum
1303 1335 1515 1381 etymorum
1544 1333 1661 1371 inter-

174 1401 431 1450 pretationem
460 1401 547 1439 aliis
578 1402 771 1451 excerptis
800 1402 1030 1440 intermixtis
1059 1403 1203 1440 temere
1230 1413 1253 1439 a
1279 1400 1445 1439 Cornuto
1476 1400 1661 1450 discerpi;

174 1467 249 1505 hoc
278 1470 545 1516 argumentum
574 1469 723 1516 nescio,
754 1481 804 1506 an
833 1468 949 1507 valde
979 1469 1043 1516 iis,
1073 1480 1171 1517 quae
1201 1479 1319 1517 supra
1348 1468 1397 1507 de
1427 1467 1660 1517 disponendi

177 1535 327 1574 ratione
348 1536 388 1574 in
407 1536 549 1575 libello
570 1537 776 1586 perspicua
797 1535 969 1585 disserui,
989 1535 1231 1586 infringatur.
1281 1537 1418 1586 Neque
1439 1536 1540 1575 enim
1559 1535 1660 1584 inde,

177 1603 281 1652 quod
336 1603 514 1643 diversae
568 1604 836 1654 disputationis
884 1607 1013 1654 partes
1060 1605 1161 1643 inter
1209 1616 1251 1643 se
1299 1605 1515 1654 permixtae
1563 1609 1661 1652 sunt,

177 1673 371 1710 auctorem
416 1673 633 1722 complures
678 1672 805 1712 adisse
849 1671 975 1712 fontes
1021 1673 1158 1722 colligi
1200 1674 1344 1722 potest,
1389 1673 1569 1722 quoniam
1614 1684 1661 1711 ea

176 1739 320 1788 capita,
357 1751 456 1788 quae
485 1742 567 1778 tota
595 1740 863 1790 Apollodorea
892 1752 975 1779 esse
1005 1740 1224 1790 apparebit,
1261 1751 1340 1778 non
1369 1741 1483 1778 aliter
1511 1739 1662 1788 digesta

177 1809 274 1845 sunt.
322 1807 409 1846 Huc
439 1807 600 1857 accedit,
630 1808 736 1857 quod
764 1809 806 1846 in
835 1808 998 1847 aliorum
1028 1820 1182 1857 quoque
1213 1807 1371 1846 deorum
1392 1807 1660 1857 cognominum

177 1874 495 1923 interpretatione
526 1875 716 1914 Cornutus
746 1888 794 1914 ex
823 1876 931 1914 illius
960 1876 1070 1914 libris
1098 1875 1251 1924 pendet.
1309 1876 1444 1924 Itaque
1475 1875 1660 1922 omnibus,

177 1954 276 1991 quae
314 1941 416 1981 hanc
452 1942 503 1981 ad
540 1943 803 1992 quaestionem
830 1944 1042 1994 pertinent,
1083 1943 1308 1982 deliberatis
1336 1943 1538 1992 probabile
1566 1945 1659 1992 puto

177 2021 261 2049 esse
290 2011 418 2049 omnia
447 2010 539 2059 fere,
569 2023 669 2061 quae
695 2011 884 2051 Cornutus
914 2010 963 2050 de
992 2012 1086 2050 Iove
1114 2023 1151 2061 p.
1174 2012 1292 2061 9sqq.
1323 2011 1505 2061 disputat,
1534 2011 1659 2061 Apol-

174 2077 303 2117 lodori
332 2090 381 2118 ex
410 2090 528 2128 opere
559 2082 743 2130 excerpta
772 2091 867 2119 esse.
878 2080 907 2128 ¹)

290 2146 385 2186 Cum
414 2146 474 2185 his
505 2147 776 2197 coniungenda
805 2159 890 2186 esse
920 2160 942 2187 e
971 2148 1135 2186 nominis
1155 2148 1259 2186 Iovis
1280 2147 1430 2197 etymis,
1460 2158 1561 2197 quae
1580 2159 1616 2197 p.
1633 2148 1657 2186 3

174 2210 367 2262 leguntur,
396 2226 512 2252 unum
542 2216 607 2253 vel
635 2216 799 2253 alterum
820 2227 938 2264 supra
957 2215 1134 2254 vidimus.
1177 2216 1406 2264 Veriloquia
1424 2215 1553 2265 priore
1572 2216 1660 2254 loco

176 2281 348 2321 exhibita
366 2284 418 2332 (p.
439 2282 476 2331 3,
491 2283 618 2333 4-9)
639 2282 742 2333 apud
763 2283 913 2322 Stoicos
932 2284 1131 2323 tritissima
1150 2283 1252 2322 unde
1267 2283 1457 2323 Cornutus
1476 2283 1661 2331 hauserit,

176 2360 255 2387 non
281 2352 450 2389 constat:
479 2353 685 2400 potuerunt
713 2362 761 2390 ea
788 2352 860 2389 illa
881 2362 966 2390 cum
987 2352 1179 2401 allegoria
1200 2351 1302 2390 Iovis
1322 2352 1480 2400 eiusque
1500 2350 1659 2389 fratrum

288 2494 316 2539 1)
347 2505 382 2539 p.
402 2498 453 2540 1¹,
473 2498 515 2530 20
548 2495 727 2531 Cornutus
757 2495 850 2531 duos
880 2505 1007 2531 versus
1036 2496 1088 2541 (Γ
1101 2498 1164 2530 277
1196 2498 1234 2530 et
1256 2495 1340 2530 Hes.
1365 2494 1455 2540 Opp.
1472 2495 1566 2541 267),
1598 2496 1660 2541 qui

174 2548 260 2585 alibi
283 2550 557 2596 coniunguntur,
581 2551 618 2586 in
641 2561 752 2587 unum
775 2550 975 2588 confundit.
1016 2551 1116 2594 Quos
1140 2551 1208 2587 iam
1231 2551 1412 2587 Cratetem
1435 2550 1616 2597 citavisse,
1640 2562 1661 2587 a

176 2615 249 2649 quo
281 2606 500 2643 Posidonius
531 2618 597 2643 eos
627 2608 823 2653 receperit,
855 2608 1057 2644 Reinhardt
1086 2619 1122 2653 p.
1139 2610 1182 2643 69
1211 2618 1283 2643 non
1305 2611 1441 2643 temere
1465 2608 1662 2653 contendit,

175 2661 344 2710 quoniam
366 2673 440 2700 non
463 2663 582 2700 solum
604 2663 704 2710 apud
718 2663 875 2702 Macrob.
899 2664 935 2701 S.
952 2664 971 2700 Ι
987 2667 1041 2709 23,
1064 2664 1131 2701 sed
1155 2664 1264 2700 etiam
1287 2663 1324 2699 in
1346 2663 1494 2701 scholiis
1517 2664 1660 2701 Arateis

174 2721 379 2765 occurrunt,
410 2723 448 2755 at
476 2719 532 2757 his
561 2719 652 2756 locis
683 2730 728 2756 eo
758 2720 910 2757 consilio
941 2720 1169 2766 adhibentur,
1201 2724 1242 2756 ut
1264 2720 1364 2756 Iovis
1386 2720 1514 2756 solaris
1535 2724 1660 2757 natura.

172 2772 382 2820 illustretur,
412 2776 450 2812 id
482 2776 581 2824 quod
612 2787 634 2813 a
663 2776 813 2813 Cornuti
841 2797 885 2802 ——
918 2781 956 2813 et
987 2776 1206 2821 Apollodori
1235 2797 1279 2802 —-
1308 2776 1447 2812 ratione
1478 2777 1659 2813 abhorret.

174 2827 228 2865 Cf.
251 2829 380 2878 Maass,
405 2832 541 2870 Aratea
562 2843 598 2879 p.
618 2835 695 2870 252.

242 2897 319 2929 Diu.
334 2900 407 2928 Hal.
426 2900 508 2934 XXI,
522 2903 548 2928 1.
1434 2905 1454 2936 4
