2096 3129
1595 120 1650 159 87

171 236 212 274 in
255 232 392 284 aegide
430 234 572 282 gestat,
611 233 923 283 explanationem
956 233 1091 272 miram
1120 236 1160 273 et
1185 232 1304 272 valde
1333 245 1357 272 a
1386 233 1539 283 vulgari
1567 244 1652 271 sen-

169 302 292 342 tentia
319 290 505 339 remotam
544 300 596 350 (p.
618 301 683 347 37,
701 300 847 351 1-5),
884 300 1083 340 Minervae
1113 300 1321 351 Gigantum
1350 300 1523 340 victricis
1552 300 1652 338 alle-

171 369 320 420 goriam
362 367 517 407 uberius
561 370 676 418 atque
719 366 839 407 fusius
882 368 1097 419 expositam
1131 381 1169 418 p.
1190 369 1255 417 39,
1275 368 1459 417 12—40,
1475 368 1512 406 4.
1574 367 1652 407 Sed

171 448 222 476 ex
258 435 319 474 his
357 434 565 474 Cornutum
607 435 731 485 ipsum
769 434 959 484 quaedam
998 436 1239 485 excogitasse
1277 436 1360 475 veri
1397 435 1501 474 haud
1541 435 1650 474 dissi-

171 504 263 542 mile
292 504 361 541 est.

282 569 456 608 Transeo
484 581 588 609 nunc
613 569 665 609 ad
684 582 769 609 eam
787 572 949 620 partem,
978 582 1056 621 qua
1074 570 1266 611 Cornutus
1285 571 1475 609 nonnulla
1493 570 1652 609 numina

170 651 195 676 a
238 635 468 687 quibusdam
511 636 754 687 philosophis
798 637 940 677 mundo
977 637 1158 676 universo
1197 637 1441 687 aequiperari
1480 638 1651 688 exponit.

171 704 248 747 Sed
277 704 351 744 hac
380 704 421 743 in
449 704 680 744 excutienda
707 707 977 756 praeterquam
1006 705 1122 756 quod,
1151 708 1194 744 ut
1213 717 1332 756 supra
1350 704 1526 754 vidimus,
1555 717 1650 744 non-

169 773 280 811 nulla
308 771 580 821 Apollodorea
618 773 763 820 insunt,
804 774 869 810 vix
898 774 1104 822 quicquam
1133 784 1204 822 pro
1235 775 1340 811 certo
1370 773 1649 822 exploratoque

168 839 411 890 pronuntiari
438 839 543 879 licet.
590 839 762 878 Priorem
791 841 940 890 partem
970 851 1114 888 eorum,
1143 851 1244 889 quae
1273 839 1463 879 Cornutus
1491 838 1649 889 profert,

171 919 195 945 a
222 906 342 945 verbo
371 904 627 958 νομίζουσιν
655 918 692 955 p.
713 906 778 954 48,
795 906 819 944 5
848 906 1019 956 pendere
1054 917 1172 955 supra
1199 907 1345 953 monui;
1379 906 1469 945 inde
1499 917 1651 953 caveas,

169 986 218 1013 ne
271 976 513 1024 praemature
566 973 779 1013 concludas
833 985 965 1013 omnes
1018 972 1088 1012 has
1142 973 1421 1025 explicationes
1475 985 1525 1013 ex
1572 985 1650 1013 uno

170 1040 381 1090 eodemque
410 1040 516 1079 fonte
545 1041 775 1079 manavisse:
806 1053 894 1079 nam
919 1041 960 1079 id
985 1041 1018 1079 si
1037 1044 1300 1088 statueremus,
1330 1042 1521 1090 quoniam,
1550 1053 1650 1091 quae

170 1108 360 1149 Cornutus
405 1107 454 1147 de
494 1109 601 1147 Pane
647 1108 814 1157 disserit,
860 1120 909 1148 ex
946 1108 1182 1159 Apollodori
1225 1120 1342 1159 opere
1386 1108 1525 1148 hausta
1564 1120 1650 1149 esse

168 1178 334 1224 constat,
373 1187 438 1215 eas
476 1175 527 1214 ad
564 1175 639 1215 hoc
666 1175 906 1224 revocandas
936 1187 1020 1215 esse
1050 1179 1287 1226 sequeretur.
1344 1176 1518 1223 Quocum
1547 1179 1647 1224 sunt,

169 1255 268 1294 quae
297 1243 546 1283 vehementer
574 1247 759 1294 pugnent.
805 1244 906 1283 Nam
935 1247 977 1282 ut
1004 1244 1306 1295 praetermittam
1335 1244 1397 1282 illi
1415 1244 1513 1283 talia
1531 1244 1647 1284 inter-

168 1314 411 1362 pretamenta
448 1312 644 1361 placuisse
683 1323 761 1349 non
796 1323 881 1350 esse
909 1312 1136 1358 verisimile,
1170 1312 1326 1350 Amoris
1355 1312 1650 1361 explicationes,

169 1391 269 1429 quae
298 1378 543 1426 antecedunt,
572 1380 775 1417 maximam
806 1378 959 1428 quidem
988 1382 1136 1429 partem
1165 1380 1230 1417 illi
1249 1379 1448 1427 debentur,
1477 1392 1501 1418 a
1520 1379 1650 1418 verbis

168 1450 295 1486 autem
325 1441 434 1487 ἔνιοι
464 1443 510 1487 δὲ
531 1478 540 1487 .
563 1478 571 1486 .
596 1478 605 1487 .
636 1458 763 1486 nonne
784 1446 975 1487 Cornutus
1003 1447 1123 1486 alium
1153 1446 1298 1486 fontem
1327 1447 1438 1497 sequi
1466 1446 1650 1487 videtur?

167 1516 305 1564 Neque
326 1515 368 1553 si
396 1513 456 1553 his
486 1514 650 1553 eundem
679 1515 720 1552 in
749 1514 904 1553 modurn
929 1517 1044 1564 atque
1063 1515 1122 1563 iis,
1151 1526 1252 1564 quae
1271 1527 1309 1564 p.
1331 1515 1396 1563 65,
1411 1516 1437 1554 8
1456 1516 1650 1566 leguntur,

168 1585 345 1621 auctores
388 1566 441 1620 aii
480 1581 725 1632 Apollodoro
774 1582 910 1621 citatos
959 1581 1236 1633 comprehendi
1278 1593 1539 1632 censeremus,
1587 1595 1650 1623 res

168 1649 306 1688 melius
342 1648 602 1700 expediretur.
657 1649 758 1688 Nam
786 1660 824 1699 p.
844 1649 910 1698 49,
926 1649 952 1687 4
968 1661 1053 1700 sqq.
1082 1649 1273 1689 Cornutus
1302 1661 1350 1688 ea
1377 1649 1514 1699 refert,
1549 1662 1650 1701 quae

167 1716 435 1766 Apollodorus
477 1717 561 1767 ipse
607 1716 655 1756 de
697 1717 815 1756 Panis
857 1717 898 1755 vi
940 1717 1081 1756 docuit.
1151 1718 1289 1766 Neque
1329 1717 1430 1756 haec
1473 1718 1649 1767 quaestio

166 1784 221 1823 ita
263 1784 364 1823 solvi
407 1786 551 1835 potest,
595 1787 639 1823 ut
676 1783 864 1824 dubitatio
902 1796 980 1824 non
1018 1787 1227 1824 remaneat.
1299 1785 1480 1825 Fortasse
1518 1788 1647 1825 autem

167 1864 191 1890 a
220 1864 314 1891 vero
344 1864 422 1891 non
450 1853 568 1901 longe
598 1852 831 1902 aberramus,
860 1864 945 1892 cum
975 1853 1213 1902 suspicamur
1241 1852 1449 1892 Cornutum
1478 1853 1519 1891 in
1547 1853 1649 1892 libro

168 1919 334 1969 quodam
374 1920 504 1959 Stoico
549 1920 744 1959 invenisse
783 1920 919 1959 Amori
957 1920 1034 1958 vim
1079 1920 1387 1970 cosmogonicam
1426 1920 1544 1960 tribui
1582 1921 1648 1960 vel

167 1998 254 2024 eum
307 1986 440 2025 mundi
492 1986 710 2035 symbolum
763 1987 960 2036 intellegi,
1007 1987 1048 2024 in
1097 1987 1309 2036 eodemque
1357 1987 1458 2026 libro
1505 1988 1648 2036 legisse

166 2054 339 2093 Atlantis
375 2055 674 2104 explicationem
708 2053 926 2104 physicam,
965 2065 1042 2104 qua
1071 2055 1291 2104 columnae,
1330 2065 1428 2105 quas
1456 2053 1647 2094 custodire

166 2124 360 2170 narratur,
392 2123 616 2160 intellectae
653 2122 729 2159 sint
762 2119 992 2173 στοιχείων
1020 2122 1139 2169 vires,
1178 2122 1317 2170 quibus
1351 2122 1530 2170 graviora
1558 2123 1646 2161 sub-

167 2189 417 2238 mitterentur,
455 2189 608 2228 leviora
645 2189 886 2238 tollerentur,
924 2189 1040 2228 Atlas
1074 2189 1158 2238 ipse
1193 2189 1225 2227 si
1259 2200 1338 2227 non
1372 2188 1534 2227 mundus
1563 2190 1646 2227 uni-

165 2267 300 2295 versus
337 2257 437 2307 ipse,
472 2258 512 2295 at
546 2259 651 2295 certe
689 2267 831 2295 numen
859 2256 1027 2294 omnium
1056 2255 1191 2294 mundi
1219 2256 1383 2306 partium
1412 2256 1529 2294 saluti
1557 2267 1646 2294 con·

168 2324 310 2363 sulens.
351 2323 418 2363 Ad
438 2324 518 2363 tale
540 2324 640 2363 enim
662 2326 810 2374 spectat
830 2324 1068 2374 cognominis
1083 2318 1323 2376 ὀλοόφρων
1338 2323 1602 2373 interpretatio
1623 2336 1647 2362 a

166 2391 336 2430 Cornuto
378 2392 549 2441 prolata,
600 2403 700 2441 quae
749 2394 848 2430 teste
890 2390 1092 2430 Eustathio
1136 2392 1189 2442 (p.
1213 2391 1330 2439 1389,
1352 2390 1421 2439 55)
1465 2390 1647 2430 Cleanthi

166 2456 329 2497 debetur
370 2459 441 2508 (=
467 2457 514 2497 fr.
536 2458 644 2507 549).
716 2459 833 2497 Panis
876 2461 1005 2498 autem
1048 2459 1276 2508 allegoriam
1321 2469 1369 2496 ex
1411 2457 1648 2507 Apollodori

166 2535 284 2574 opere
313 2525 483 2576 agnovit.
525 2525 610 2564 Hoc
638 2525 755 2576 igitur
783 2525 897 2564 modo
917 2528 996 2564 tres
1014 2525 1130 2564 trium
1149 2526 1344 2563 numinum
1364 2525 1647 2574 explicationes

165 2591 352 2641 physicae
391 2593 427 2632 ei
464 2595 619 2643 praesto
655 2595 781 2641 erant,
820 2604 917 2643 quas
952 2593 1025 2632 etsi
1054 2592 1214 2632 diversis
1243 2604 1265 2631 e
1293 2591 1461 2631 fontibus
1489 2590 1647 2631 haustas

165 2660 295 2698 tamen
322 2659 604 2711 interpretandi
631 2659 883 2699 similitudine
910 2660 1012 2699 inter
1030 2671 1072 2699 se
1092 2661 1274 2709 cognatas
1295 2659 1378 2697 sive
1397 2659 1648 2710 neglegentia

166 2726 248 2767 sive
284 2728 402 2767 nimio
436 2728 638 2769 brevitatis
672 2727 799 2769 studio
837 2727 1021 2780 abreptus
1049 2728 1103 2767 ita
1132 2727 1345 2777 coniunxit,
1383 2729 1427 2767 ut
1455 2739 1522 2768 eas
1550 2739 1647 2768 non-
