2096 3129
1642 137 1694 176 25

213 252 382 290 tinentur
410 262 488 289 non
518 263 664 299 eorum,
704 252 770 301 qui
799 264 823 290 a
851 252 945 290 Iove
973 251 1149 301 generati
1178 254 1282 299 sunt,
1322 251 1390 290 sed
1419 252 1525 290 Iovis
1555 252 1695 290 sororis

214 322 252 358 et
289 318 467 367 fratrum,
508 319 574 368 qui
608 319 740 358 mundi
775 320 968 358 elementa
996 319 1288 369 intelleguntur.
1345 319 1490 369 Aptior
1518 322 1591 368 est,
1630 320 1696 369 qui

212 398 316 425 nunc
355 385 532 434 efficitur,
578 386 845 436 disputationis
891 386 1085 434 decursus,
1132 397 1209 435 quo
1247 389 1336 436 post
1374 387 1502 436 capita
1541 387 1695 435 9—12,

213 454 350 503 quibus
387 453 436 492 de
471 455 563 493 Iove
593 455 730 504 agitur,
766 453 956 504 capitibus
980 454 1149 492 13—14
1179 454 1275 494 deae
1306 454 1498 504 quaedam
1527 454 1695 494 minores

212 521 262 558 ab
299 532 346 559 eo
381 520 565 559 oriundae
599 522 919 571 perstringuntur.
979 513 1122 569 ἄλλως
1151 533 1262 570 vero,
1301 521 1404 570 quod
1434 522 1570 571 capitis
1600 522 1624 559 9
1654 522 1695 559 in

211 588 319 626 initio
357 591 500 638 exstat,
539 590 656 628 aliter
688 589 935 639 interpretari
972 600 1131 628 necesse
1170 592 1230 628 est
1258 601 1303 628 ac
1333 588 1548 628 Reinhardt
1576 589 1694 628 inter-
1750 592 1752 594 ’

211 657 394 705 pretatur,
429 656 494 704 qui
528 655 695 704 Oceano,
730 656 796 705 qui
821 655 926 706 apud
953 655 1161 695 Homerum
1196 655 1328 695 audiat
1360 655 1485 696 θεῶν
1519 653 1694 709 γένεσις,

212 723 356 773 Iovem,
387 724 451 772 qui
480 723 683 762 inducatur
711 720 859 776 πατὴρ
890 719 1070 777 ἀνδρῶν
1099 737 1147 764 τε
1177 723 1302 764 θεῶν
1332 737 1391 774 τε,
1431 724 1574 774 opponi
1603 735 1694 763 con-

211 791 345 829 tendit.
401 791 448 830 In
487 792 622 842 capitis
651 794 672 829 7
706 794 877 831 extremo
915 792 1021 831 Iovis
1059 792 1118 830 vis
1157 791 1314 831 definita
1352 794 1436 831 erat
1469 791 1545 831 hoc
1579 792 1694 831 modo

211 859 263 907 (p.
284 859 321 907 8,
339 858 396 907 3):
425 854 452 910 ἡ
482 856 529 899 δὲ
559 855 731 912 κόσμου
761 855 893 909 φύσις
923 853 1201 910 ἐπισχύσασα,
1232 853 1287 913 ἣν
1310 856 1362 911 δὴ
1386 857 1466 899 Δία
1486 856 1694 913 ἐλέγομεν

212 925 465 974 καλεῖσθαι,
510 937 609 975 quae
653 927 759 964 notio
804 925 941 964 iisdem
985 925 1067 964 fere
1105 926 1234 964 verbis
1271 927 1312 964 in
1351 927 1490 976 capitis
1520 928 1544 964 9
1583 927 1693 965 initio

210 992 406 1042 repetitur,
446 992 515 1031 sed
544 994 614 1041 ita,
654 995 697 1031 ut
734 993 808 1031 hac
846 993 945 1031 alias
982 993 1088 1032 Iovis
1126 993 1229 1032 vires
1269 994 1380 1043 quasi
1419 993 1694 1043 comprehendi

210 1061 291 1098 sive
322 1072 370 1098 ex
399 1072 447 1099 ea
476 1061 641 1099 derivari
670 1063 900 1111 exponatur:
930 1060 1021 1100 hinc
1048 1063 1142 1111 puto
1172 1060 1446 1111 explicandum
1476 1072 1571 1110 esse,
1600 1061 1694 1111 quid

212 1121 354 1176 ἄλλως
382 1128 457 1166 sibi
485 1129 590 1166 velit.
648 1129 712 1166 An
742 1128 950 1167 verisimile
980 1130 1038 1166 est
1065 1129 1396 1178 interpolatorem,
1435 1140 1549 1178 quem
1578 1129 1692 1167 Rein-

209 1195 324 1233 hardt
358 1196 481 1245 ponit,
520 1196 749 1245 particulam
786 1189 950 1245 ἄλλως,
989 1196 1021 1234 si
1056 1195 1170 1234 modo
1199 1196 1274 1234 hac
1303 1196 1535 1246 theogoniae
1563 1199 1693 1246 partes

210 1263 311 1301 inter
340 1274 381 1301 se
412 1263 717 1313 opponebantur,
746 1263 820 1302 hoc
849 1263 1083 1302 narrationis
1104 1264 1239 1303 ordine
1259 1266 1403 1303 mutato
1423 1263 1548 1302 nihilo
1568 1265 1692 1303 minus

210 1331 344 1369 eodem
382 1331 471 1369 loco
511 1331 744 1370 retinuisse?
803 1331 897 1370 Cum
936 1331 1064 1370 verbis
1101 1328 1210 1383 μετὰ
1239 1331 1380 1371 ταῦτα
1417 1330 1691 1370 conferendum

210 1401 269 1437 est
299 1399 436 1448 capitis
466 1399 532 1446 22,
562 1410 638 1447 quo
670 1398 718 1436 de
747 1399 930 1448 Neptuno
961 1399 1097 1448 agitur,
1126 1400 1274 1437 initium
1304 1399 1357 1449 (p.
1378 1399 1444 1447 41,
1462 1400 1546 1448 18):
1584 1396 1694 1451 μετὰ

210 1463 256 1505 δὲ
285 1466 426 1506 ταῦτα
455 1464 556 1518 περὶ
585 1465 669 1506 τοῦ
699 1465 993 1516 Ποσειδῶνος,
1024 1459 1061 1506 ὦ
1091 1472 1190 1516 παῖ,
1220 1465 1416 1507 λεκτέον.
1476 1467 1547 1506 His
1576 1469 1694 1518 igitur

208 1534 337 1572 verbis
367 1536 530 1584 apparet
558 1533 608 1572 ad
638 1534 755 1572 aliam
784 1545 864 1572 rem
892 1533 1134 1573 tractandam
1162 1535 1327 1573 transiri.

322 1600 416 1639 Cum
451 1602 644 1650 allegoria
674 1601 833 1639 deorum
863 1614 886 1639 a
915 1601 1024 1640 Rhea
1054 1605 1092 1640 et
1120 1601 1285 1640 Saturno
1316 1606 1584 1651 generatorum
1614 1615 1692 1641 non

208 1667 381 1718 perfecta
420 1668 485 1715 sit,
524 1668 599 1706 nisi
629 1668 734 1706 Iovis
772 1668 832 1706 vis
868 1668 1046 1707 similiter
1080 1670 1197 1717 atque
1233 1671 1447 1707 ceterorum
1477 1670 1692 1719 exponitur,

208 1736 379 1784 sequitur
415 1735 622 1773 cohaerere
658 1736 787 1784 capita
816 1736 935 1773 2—5
973 1738 1012 1773 et
1039 1736 1116 1773 iam
1145 1736 1186 1773 in
1214 1735 1322 1774 fonte
1351 1736 1582 1775 cohaesisse.
1640 1738 1692 1775 Ut

208 1814 229 1841 o
260 1802 454 1842 nominum
488 1802 645 1842 deorum
674 1802 912 1854 veriloquus,
943 1814 1042 1853 quae
1071 1803 1112 1842 in
1132 1802 1321 1854 capitibus
1343 1803 1452 1843 3—5
1474 1806 1691 1854 occurrunt,

208 1871 398 1919 quaedam
428 1883 449 1908 e
479 1872 640 1919 singulis
668 1870 803 1908 horum
833 1870 990 1908 deorum
1021 1871 1346 1920 explicationibus
1372 1871 1573 1921 desumpta
1592 1875 1692 1920 sunt,

207 1938 246 1978 id
286 1938 390 1988 quod
431 1937 645 1978 Reinhardt
682 1941 788 1978 recte
829 1939 1044 1990 perspexit,
1082 1939 1136 1978 ita
1175 1951 1196 1978 e
1231 1939 1397 1979 nominis
1431 1939 1535 1980 Iovis
1573 1940 1689 1980 inter-

207 2006 486 2056 pretationibus
530 2007 661 2045 nescio
706 2008 844 2055 quae1)
889 2018 936 2045 ea
974 2018 1058 2045 cum
1099 2007 1357 2057 disputatione
1397 2008 1691 2057 coniungendae

210 2077 315 2123 sunt,
354 2086 431 2124 qua
472 2073 521 2114 de
550 2074 643 2114 Iove
679 2074 965 2124 particulariter
993 2075 1136 2125 agitur3
1175 2075 1216 2114 in
1244 2074 1319 2115 hae
1347 2074 1436 2115 ideo
1465 2087 1543 2114 non
1571 2077 1692 2127 respi-

207 2142 369 2190 ciuntur,
398 2142 501 2191 quod
521 2142 721 2189 Cornutus,
749 2144 792 2180 ut
819 2142 1062 2192 insequentia
1091 2154 1176 2182 cum
1196 2143 1512 2182 antecedentibus
1532 2144 1691 2182 vinculo

207 2209 373 2259 quodam
414 2211 587 2261 copulet,
624 2210 676 2249 ad
714 2210 818 2249 Iovis
856 2211 1053 2250 notionem
1081 2223 1120 2262 p.
1140 2211 1177 2259 8,
1194 2211 1218 2249 3
1255 2211 1488 2262 explicatam
1517 2213 1690 2251 recurrit.

207 2278 378 2317 Similem
408 2279 449 2317 in
478 2277 631 2317 modum
662 2281 778 2328 atque
808 2278 912 2329 apud
942 2279 1151 2319 Cornutum
1181 2278 1247 2318 dei
1276 2292 1300 2318 a
1327 2279 1438 2318 Rhea
1468 2282 1506 2319 et
1526 2280 1690 2320 Saturno

206 2346 380 2395 generati
426 2345 476 2385 ad
520 2347 712 2385 elementa
758 2346 891 2385 mundi
929 2346 1148 2387 referuntur
1185 2348 1225 2386 in
1264 2347 1508 2398 compendio,
1553 2360 1574 2387 e
1614 2361 1690 2398 quo

205 2413 426 2453 Heraclitus
456 2417 494 2453 et
514 2415 626 2454 Vitae
655 2415 815 2454 Homeri
844 2417 990 2464 auctor,
1025 2427 1125 2465 quae
1155 2416 1373 2456 communia
1400 2415 1561 2465 habent,
1595 2416 1689 2456 hau-

205 2481 395 2531 serunt,2)
439 2484 478 2520 et
520 2484 625 2522 recte
668 2483 709 2521 in
751 2495 853 2522 nova
893 2483 1084 2522 Heracliti
1128 2483 1295 2523 editione
1335 2496 1373 2534 p.
1395 2484 1446 2522 62
1487 2483 1537 2523 ad
1571 2485 1688 2524 inter-

319 2590 347 2634 1)
371 2590 478 2627 Certe
502 2591 639 2628 formae
662 2589 756 2633 Δεύς
779 2592 1028 2638 veriloquium.

316 2648 346 2690 ²)
369 2646 424 2683 cf.
448 2647 624 2694 Porphyr.
648 2660 684 2694 p.
701 2652 768 2684 204
792 2649 892 2685 Schr.
925 2646 1066 2695 φυσική
1098 2647 1138 2686 δὲ
1170 2648 1315 2694 γίνεται
1349 2643 1539 2691 διάταξις·
1570 2645 1590 2684 ὁ
1615 2647 1688 2693 μὲν

204 2699 276 2749 γὰρ
320 2700 403 2749 [τὴν
438 2699 557 2749 πυρός
598 2700 732 2740 οὐσίαν
773 2701 900 2751 λαχὼν
943 2705 1004 2749 (cf.
1036 2705 1146 2741 Proll.
1178 2716 1212 2751 p.
1236 2708 1303 2741 404
1337 2705 1419 2741 adn.
1443 2705 1497 2751 2)]
1538 2702 1580 2740 τὸ
1620 2707 1687 2750 ζῆν

204 2755 496 2805 παρασχόμενος
529 2756 622 2802 Ζεύς
663 2756 901 2805 ὠνόμασται,
947 2756 967 2797 ὃ
1005 2759 1044 2798 δὲ
1082 2759 1149 2807 τὴν
1182 2756 1306 2807 ὑγρὰν
1342 2756 1476 2798 οὐσίαν
1512 2755 1586 2796 dno*
1623 2763 1688 2807 τῆς
