2096 3129
1580 151 1658 190 101

178 265 332 307 nomine
360 254 558 316 Ὀμφάλη
586 273 611 300 ιι
637 261 830 300 vocabulo
861 254 981 317 ὀμφή
1011 261 1186 302 derivato
1217 264 1383 302 mentem
1415 265 1454 302 et
1472 262 1663 301 rationem

177 331 462 383 interpretatur.
519 329 590 368 His
628 331 756 368 autem
792 326 982 370 ὑπονοῶ
1021 327 1068 370 δὲ
1105 328 1179 369 καὶ
1214 325 1298 383 τὴν
1331 323 1437 383 παρ’
1466 322 1662 383 Ὀμφάλῃ

178 396 384 453 λατρείαν
412 393 568 449 ἐκείνῳ
596 393 913 449 πιθανώτερον
932 391 1045 437 εἶναι
1069 393 1311 452 προσήκειν
1331 398 1383 448 (p.
1405 399 1470 446 64,
1486 399 1528 448 8)
1553 398 1662 436 illius

177 467 334 508 fabulae
355 464 744 514 -intorpretationem,
784 475 885 513 quae
923 464 1048 503 minus
1087 465 1136 503 ab
1175 464 1357 504 Herculis
1392 477 1486 503 vera
1519 466 1559 503 vi
1594 465 1660 504 ab·

177 533 348 581 horreat,
386 531 460 570 sibi
497 532 653 580 praesto
692 541 776 569 esse
812 541 974 580 eamque
1009 543 1034 569 a
1067 542 1110 570 se
1144 531 1228 580 ipso
1263 532 1458 570 inventam
1488 532 1662 571 indicare

177 599 341 641 videtur.
403 598 445 639 Si
481 597 679 638 Macrobio
709 597 762 648 (S.
782 598 801 637 Ι
824 598 886 647 17,
903 597 972 648 50)
1010 597 1106 638 fides
1145 598 1329 638 habenda
1356 602 1431 648 est,
1470 600 1661 640 Cornutus

176 680 215 719 p.
235 668 300 715 67,
318 666 370 704 10
398 665 466 704 vel
502 676 588 703 eam
624 666 772 715 recepit
805 666 1162 715 interpretationem
1192 666 1392 715 Apollinis
1422 668 1660 716 cognominis

177 729 369 783 Πύθιος,
399 744 514 782 quam
544 731 814 782 Apollodorus
842 731 1035 772 refutavit.
1093 732 1171 772 Sed
1200 732 1275 772 hoc
1304 736 1345 771 ut
1375 733 1536 782 faceret,
1570 734 1659 773 ideo

178 812 264 840 eum
298 800 473 839 existimo
508 799 735 849 perductum
764 810 865 848 esse,
904 799 1026 849 quod,
1062 810 1325 850 quaecumque
1355 800 1404 838 ad
1432 800 1660 851 Apollinem

178 869 337 908 oracula
381 866 557 907 edentem
596 868 851 918 pertinerent,
894 870 1083 918 perpetua
1120 869 1365 907 enarratione
1402 870 1661 919 perstringere

177 936 308 975 voluit.
351 935 411 973 Ea
435 937 563 974 autem
582 935 913 984 interpretatione,
942 946 1041 984 quae
1061 935 1307 985 Apollodoro
1327 936 1486 986 placuit,
1518 936 1579 976 dei
1600 948 1659 976 so-

177 1004 271 1043 laris
295 1006 434 1042 natura
457 1003 684 1042 illustratur.
727 1004 864 1053 Neque
885 1003 918 1042 si
937 1003 1051 1042 modo
1076 1003 1126 1042 ab
1147 1004 1346 1042 Eustathio
1366 1016 1403 1053 p.
1425 1005 1518 1052 449,
1538 1006 1556 1041 1
1576 1016 1659 1053 sqq.

177 1069 407 1121 (Reinhardt
444 1081 482 1120 p.
503 1070 572 1119 93)
610 1070 880 1120 Apollodorea
919 1069 1095 1110 doctrina
1134 1071 1286 1121 integra
1327 1074 1483 1111 servata
1524 1074 1598 1120 est,
1637 1084 1661 1110 a

178 1139 346 1179 Cornuto
375 1151 413 1188 p.
434 1139 499 1186 68,
518 1139 580 1187 10,
615 1150 714 1187 quae
752 1139 823 1177 ille
857 1139 1087 1188 explicavit,
1126 1142 1305 1178 accurate
1334 1139 1619 1178 adumbrantur.
1630 1141 1660 1188 1)

289 1205 466 1255 Congero
496 1204 558 1244 hic
588 1216 655 1244 eos
683 1206 803 1254 locos,
833 1216 929 1255 quos
948 1205 1023 1244 iam
1044 1217 1160 1256 supra
1179 1206 1299 1255 tetigi.
1348 1219 1384 1256 p.
1406 1206 1441 1254 4,
1461 1207 1573 1245 5-7
1596 1206 1661 1255 (cf.

177 1285 215 1323 p.
244 1273 281 1319 4,
306 1273 465 1321 18—5,
482 1273 518 1310 2.
551 1275 586 1321 7,
609 1273 690 1322 22).
747 1285 783 1322 p.
815 1274 851 1322 6,
876 1273 1130 1323 13—15(‘.>),
1176 1275 1347 1311 17—19.
1405 1286 1441 1323 p.
1473 1275 1660 1321 9,2—4.

177 1352 215 1390 p.
246 1341 307 1388 11,
332 1340 512 1388 18—-12,
532 1341 551 1377 1
576 1340 639 1389 (ἲ).
704 1352 741 1389 p.
772 1341 833 1388 12,
859 1340 1027 1378 14—16
1064 1340 1127 1389 (cf.
1157 1353 1194 1390 p.
1219 1342 1346 1389 12,11
1373 1341 1461 1379 -12
1507 1338 1559 1381 τὸ
1602 1336 1660 1395 μὴ

178 1403 407 1461 ὁρωμένη).
463 1419 500 1457 p.
527 1409 586 1455 17,
604 1407 735 1447 5-6.
788 1419 824 1457 p.
847 1408 992 1455 27,18,
1026 1409 1212 1456 19—28,
1230 1410 1264 1446 2.
1312 1420 1348 1458 p.
1372 1409 1435 1455 28,
1453 1409 1488 1446 9.
1537 1420 1574 1457 p.
1598 1409 1662 1456 31,

182 1474 362 1512 12—18.
409 1486 446 1524 p.
476 1474 540 1522 39,
569 1474 754 1524 12—40,
777 1475 804 1512 4
827 1474 890 1524 (?).
944 1486 979 1524 p.
1002 1475 1066 1524 50,
1083 1474 1214 1513 2—4.
1269 1487 1305 1524 p.
1327 1474 1392 1523 57,
1411 1475 1580 1513 12-15
1598 1475 1661 1524 (P).

178 1553 215 1590 p.
237 1541 301 1589 61,
320 1541 501 1587 14—15.

576 1800 645 1844 De
674 1799 915 1843 nonnullIs
944 1799 1061 1843 locis
1091 1798 1264 1842 dubiis.

290 1905 327 1942 p.
349 1893 385 1941 5,
405 1893 471 1931 13:
502 1891 575 1932 καί
605 1895 694 1930 ante
725 1888 862 1946 αὐτήν
891 1890 1095 1930 delendum
1127 1893 1184 1929 est
1213 1890 1338 1939 (deest
1367 1891 1407 1928 in
1438 1891 1521 1929 cod.
1542 1891 1603 1940 X).

290 1973 326 2010 p.
349 1962 385 2008 6,
404 1961 469 1999 14:
501 1961 681 1999 Fortasse
711 1971 787 1998 vox
817 1956 976 2011 αἵρεσις
1006 1959 1077 1997 tali
1106 1959 1263 1997 notione
1292 1961 1514 2007 usurpatur,
1551 1959 1659 2007 quali

178 2027 276 2065 alias
311 2038 389 2065 non
424 2027 574 2075 dicitur,
611 2038 691 2065 non
725 2026 901 2065 dissimili
935 2026 1043 2064 vocis
1071 2019 1273 2078 ποιότης;
1314 2024 1382 2062 sed
1413 2025 1659 2063 verisimilius

179 2096 254 2142 est,
293 2106 393 2143 quae
428 2094 538 2134 codd.
574 2094 778 2144 praebent,
817 2093 1031 2143 depravata
1059 2104 1156 2132 esse.
1212 2093 1350 2141 Neque
1379 2093 1458 2131 scio
1488 2105 1538 2130 an
1568 2092 1660 2131 Cor-

178 2162 291 2201 nutus
320 2148 423 2201 hunc
450 2161 533 2201 fere
560 2163 600 2200 in
630 2161 784 2200 modum
813 2160 1025 2211 scripserit:
1055 2155 1138 2215 τὴν
1168 2158 1244 2214 τῆς
1273 2151 1424 2207 οὐσίας
1455 2151 1663 2213 ἀεὶρυτον

180 2227 324 2282 σχέσιν
353 2231 419 2281 (de
447 2243 545 2270 voce
575 2227 713 2283 σχέσις
743 2229 791 2268 cf.
822 2241 857 2279 p.
880 2229 996 2277 9,19.
1028 2229 1092 2278 31,
1109 2229 1162 2277 6).

291 2310 328 2348 p.
349 2299 445 2347 8,8:
484 2299 530 2337 Iu
563 2297 760 2337 codicibus
789 2298 891 2336 inest
917 2290 975 2351 μὴ
1004 2293 1239 2336 τελέσεται.
1298 2295 1467 2345 Langius
1499 2294 1663 2333 coniecit

178 2361 435 2419 μητιάσεται
474 2368 540 2406 vel
577 2362 680 2420 μήτι
717 2362 900 2413 τελέσει,
939 2364 1008 2403 sed
1043 2367 1194 2414 tempus
1228 2363 1396 2402 futurum
1427 2362 1477 2401 ad
1508 2374 1661 2401 sensum

180 2433 304 2472 minus
342 2437 473 2485 aptum
512 2434 606 2472 mihi
640 2433 795 2472 videtur
832 2444 934 2480 esse,
974 2432 1154 2482 quoniam
1185 2431 1425 2481 cognominis
1454 2430 1553 2468 ratio
1583 2441 1661 2468 non

181 2511 229 2539 ex
267 2512 313 2539 eo
341 2503 539 2552 repetit-ur,
577 2501 681 2551 quod
710 2501 852 2551 aliquis
881 2499 1069 2550 perficiet,
1108 2499 1177 2539 sed
1208 2512 1257 2538 ex
1286 2511 1349 2547 eo,
1381 2498 1484 2548 quod
1512 2496 1662 2547 perficit

180 2568 262 2606 sive
291 2568 464 2618 perfecit.
510 2569 660 2608 Idcirco
689 2568 787 2607 haec
816 2567 898 2607 fere
924 2568 1073 2617 aptiora
1093 2578 1178 2606 esse
1198 2578 1353 2605 censeo:
1382 2562 1494 2619 μήτ<ι
1514 2561 1662 2617 {fissae-

180 2633 335 2685 σε[ται]
363 2629 610 2685 τοσούτους
638 2649 678 2676 κ.
694 2648 733 2676 τ.
751 2636 790 2676 λ.

296 2767 324 2813 ¹)
346 2768 483 2806 Horum
506 2769 699 2807 verborum
724 2780 804 2806 cum
828 2767 1110 2806 conformatione
1135 2766 1181 2804 cf.
1205 2778 1240 2813 p.
1258 2768 1377 2812 46,12.
