2096 3129
1693 154 1718 193 5

348 281 386 319 p.
408 269 444 317 3,
463 269 627 307 11—13
665 266 739 308 καὶ
769 265 795 322 ἦ
828 261 978 324 γενικὴ
1011 268 1180 316 πτῶσις
1207 259 1283 308 ἀπ’
1314 264 1451 320 αὐτῆς
1480 263 1571 308 ε’στι
1602 263 1720 317 Δεός,

235 333 535 389 παρακειμένη
564 349 662 384 πως
690 335 745 388 τῇ
774 329 887 384 Διός.
942 337 1133 377 Convenit
1167 336 1401 376 Cornutiano
1430 347 1516 375 cum
1545 346 1720 375 sermone

235 403 428 455 particula
475 416 572 451 πως
621 403 703 442 sive
752 403 942 443 adiectivo
991 404 1073 442 sive
1116 403 1321 453 participio
1364 402 1590 453 postposita.
1663 402 1719 443 cf.

234 484 271 521 p.
293 472 357 519 32,
375 472 439 509 22.
472 471 536 519 33,
555 471 618 510 17.
648 470 713 519 40,
732 472 766 510 7,
797 470 862 520 43,
882 472 944 510 19.
975 471 1040 519 45,
1058 471 1123 510 20.
1167 470 1262 511 Cum
1291 470 1486 520 participii
1510 483 1718 523 παρακει-

232 535 341 593 μένη
376 549 449 577 usu
477 537 540 577 hic
572 537 686 578 obvio
716 538 1017 590 comparandum
1046 540 1104 577 est
1132 537 1359 577 adverbium
1386 534 1720 591 παρακειμένως

234 619 271 657 p.
292 606 359 655 46,
378 606 440 656 15,
460 607 522 645 16.
554 606 619 655 65,
636 607 671 656 6,
689 608 726 646 7.

344 687 384 726 p.
411 675 636 724 5,17—18
671 674 857 729 πρῶτον
891 672 971 728 μὲν
1007 669 1088 730 τὴν
1116 669 1228 729 Ἴδην
1263 670 1557 728 ἐπωνόμασαν
1593 667 1717 727 αὐτῇ,

232 741 457 796 μετέωρον
497 736 601 797 ὄρος
638 741 713 783 καὶ
748 740 772 784 ὁ
810 739 1042 797 μακρόθεν
1079 738 1199 784 ἔστιν
1236 740 1357 784 ἰδεῖν.
1408 742 1572 782 Carolus
1602 743 1717 782 Reiu-

235 810 349 850 hardt
377 811 454 861 (De
475 811 708 851 Graecorum
737 812 938 860 theologia
967 812 1095 862 capita
1124 811 1199 850 duo
1226 812 1372 861 (Berol.
1397 812 1532 860 1910),
1560 823 1597 861 p.
1622 812 1716 862 117)

231 879 306 918 hoc
347 880 583 918 enuntiatum
624 879 793 919 Cornuto
832 879 997 918 restituit
1026 881 1131 918 recte
1171 882 1261 918 ante
1300 875 1453 932 ὀρείαν
1480 880 1533 928 (v.
1553 879 1620 928 19)
1658 880 1716 918 in-

231 957 365 985 serens
409 940 515 986 εἰτα.
579 946 725 985 Similis
768 946 973 986 verborum
1018 946 1267 995 constructio,
1311 947 1344 985 si
1386 945 1499 988 modo
1539 946 1716 986 codicum

230 1014 435 1053 lectionem
488 1015 713 1061 retinemus,
759 1026 797 1063 p.
826 1015 889 1062 67,
909 1014 935 1051 8
985 1015 1154 1052 occurrit
1202 1012 1293 1063 (καὶ
1341 1004 1526 1065 εὑρεθὲν
1569 1009 1622 1054 τὸ
1668 1011 1716 1054 ἐν

231 1080 419 1134 Δελφοῖς
461 1088 672 1135 μαντεῖον
716 1081 781 1136 τῷ
822 1076 1064 1123 Ἀπόλλωνι
1108 1076 1466 1136 προσωνόμασαν
1509 1078 1715 1133 Πύθιον),

230 1161 330 1199 quae
358 1151 489 1189 nescio
517 1162 568 1188 an
595 1150 666 1188 illo
694 1151 783 1189 loco
812 1150 1004 1189 fulciatur.
1014 1151 1043 1200 ¹)

341 1230 379 1269 p.
410 1219 445 1268 6,
469 1218 588 1257 2-3
629 1213 739 1271 τάχα
780 1214 827 1259 δὲ
866 1216 940 1258 καὶ
980 1214 1074 1258 ἐπεὶ
1104 1218 1147 1258 οῖ
1172 1217 1383 1271 χειμῶνες
1413 1210 1642 1272 ἄγριωπόν
1671 1232 1714 1260 τι

229 1281 386 1339 ἔχουσι.
430 1287 500 1324 His
531 1286 579 1325 de
608 1286 737 1325 verbis
767 1286 911 1335 ambigi
939 1288 1077 1335 potest,
1106 1298 1196 1324 nam
1224 1287 1373 1325 insulsa
1393 1289 1451 1325 est
1469 1287 1714 1326 ratiocinatio

229 1357 267 1393 et
307 1354 357 1393 ad
398 1354 439 1393 id
478 1357 623 1393 tantum
662 1354 847 1404 pertinet,
887 1353 991 1403 quod
1029 1355 1165 1393 leones
1200 1353 1334 1393 Rheae
1369 1355 1471 1393 sacri
1505 1354 1714 1395 creduntur

229 1432 324 1470 esse,
355 1433 515 1472 quorum
545 1421 678 1460 feritas
709 1433 794 1460 cum
814 1422 940 1460 saevis
959 1421 1250 1472 tempestatibus
1271 1425 1527 1472 comparatur.
1574 1423 1713 1473 Neque

226 1493 357 1529 tamen
399 1489 475 1529 hoc
523 1490 759 1529 enuntiatum
804 1490 1075 1539 interpolatori
1123 1489 1330 1529 tribuerim.
1401 1491 1502 1530 Nam
1552 1490 1713 1531 Cornuti

227 1568 349 1607 genus
379 1557 535 1596 dicendi
564 1559 727 1608 apparet
755 1558 796 1596 in
822 1558 951 1596 verbis
971 1554 1080 1610 τάχα
1101 1555 1147 1598 όὲ
1168 1556 1242 1597 καὶ
1263 1554 1358 1598 ἐπεί
1387 1557 1451 1607 (cf.
1471 1570 1508 1608 p.
1530 1559 1595 1608 24,
1616 1559 1653 1609 3,
1674 1559 1712 1598 4.

228 1626 292 1674 53,
314 1627 350 1674 2,
373 1627 420 1676 3)
460 1628 499 1665 et
536 1627 577 1664 in
614 1626 839 1675 pronomine
879 1639 921 1666 τι
963 1625 1155 1665 adiectivo
1199 1627 1425 1676 postposito.
1491 1626 1548 1666 Of.
1586 1639 1620 1667 e.
1654 1639 1710 1677 gr.

226 1705 263 1744 p.
286 1694 350 1742 37,
369 1694 405 1732 7.
436 1693 583 1742 38,21,
614 1694 731 1742 39,1.

338 1773 375 1811 p.
398 1762 434 1810 7,
453 1762 566 1800 1-2
598 1758 802 1815 εἴληπται
830 1759 912 1814 μὲν
941 1753 1025 1801 οὖν
1051 1752 1173 1802 οὕτω
1193 1756 1315 1802 πάνυ
1336 1756 1532 1810 εἰκότως.
1581 1763 1711 1803 Uncos

225 1829 423 1869 tollendos
463 1841 548 1868 esse
587 1829 772 1879 probatur
811 1828 939 1868 verbis
974 1825 1095 1869 πάνυ
1130 1824 1313 1877 εἰκότως
1347 1840 1438 1869 vere
1468 1830 1711 1870 Cornutianis

227 1898 276 1940 cf.
303 1911 340 1948 p.
361 1900 397 1948 8,
415 1899 451 1946 6,
469 1900 504 1936 7.
536 1899 601 1946 36,
621 1899 691 1945 203
731 1898 908 1936 similiter
946 1893 1067 1938 πάνυ
1094 1894 1266 1945 οἰκείως
1296 1899 1441 1949 legitur
1469 1911 1508 1949 p.
1529 1899 1593 1948 26,
1615 1899 1652 1948 4,
1673 1901 1710 1940 5.

227 1966 372 2016 53‚19.
405 1965 469 2014 56,
491 1966 532 2013 63
572 1960 757 2013 εἰκότως
796 1966 920 2004 solum
961 1976 1240 2016 saepenumero
1271 1966 1454 2015 occurrit,
1491 1965 1540 2006 cf.
1569 1967 1711 2018 Langii

225 2033 404 2072 indicem.
453 2033 529 2072 Sed
558 2034 676 2072 valde
707 2034 883 2072 codicum
912 2034 1100 2072 lectiones
1130 2034 1231 2071 inter
1260 2045 1301 2072 se
1331 2034 1562 2084 discrepant.
1609 2036 1709 2074 Nam

230 2100 343 2140 codd.
371 2112 457 2151 gen.
490 2112 515 2140 a
543 2101 732 2151 praebent
762 2097 924 2141 εἴωθεν
955 2093 1052 2151 οὖν,
1083 2100 1194 2140 codd.
1225 2112 1311 2150 gen.
1343 2102 1387 2140 bc
1406 2098 1610 2156 εἴληπται
1628 2100 1710 2156 μὲν

226 2162 311 2209 οὖν
352 2162 483 2209 οὕτω.
552 2169 733 2218 Suspicor
778 2171 904 2207 autem
944 2170 1045 2207 viam
1085 2169 1305 2218 corrigendi
1345 2170 1484 2208 muniri
1526 2170 1638 2209 codd.
1683 2183 1709 2208 a

222 2236 390 2276 lectione
431 2238 470 2275 et
508 2235 751 2275 scribendum
782 2246 866 2275 esse
895 2231 1103 2276 εἰωθέναι
1133 2231 1255 2276 πάνυ
1285 2232 1482 2285 εἰκότως.
1542 2236 1599 2277 Cf.
1629 2237 1707 2278 Cic.

224 2304 273 2344 de
307 2307 386 2346 nat.
417 2304 521 2344 deor.
551 2304 589 2343 Π
615 2304 679 2352 64,
709 2316 746 2354 p.
768 2304 861 2353 289,
883 2305 907 2343 6
937 2304 1069 2344 Plasb.
1100 2315 1144 2343 ex
1178 2316 1218 2344 se
1254 2306 1355 2344 enim
1389 2308 1506 2345 natos
1542 2317 1707 2346 comesse

221 2372 385 2421 sinyitur
411 2372 560 2412 solitus.
610 2372 813 2421 Augustin.
836 2371 886 2411 de
906 2372 979 2411 civ.
999 2371 1063 2410 dei
1085 2373 1160 2411 VII
1181 2373 1229 2410 19
1261 2372 1415 2423 (Varro)
1455 2372 1706 2422 „Saturnmm

222 2441 365 2488 inquit,
396 2441 590 2487 dioeemnt,
627 2451 727 2489 quae
754 2442 856 2479 nata
885 2451 930 2479 ex
959 2452 1001 2479 eo
1033 2443 1173 2487 essent,
1209 2441 1366 2480 solitum
1396 2441 1579 2481 devorare
1609 2472 1648 2481 ..
1668 2444 1701 2481 .“

222 2507 392 2546 Macrob.
421 2508 460 2548 S.
479 2509 509 2557 Ι,
525 2509 551 2546 8
583 2508 684 2546 hwnc
713 2509 829 2547 aiwnt
853 2508 958 2555 filios
987 2519 1079 2547 suos
1107 2508 1265 2547 solitum
1296 2509 1488 2547 devorare.

333 2586 371 2625 p.
392 2576 430 2626 8,
444 2576 552 2614 6—9
583 2570 704 2616 πάνυ
725 2568 766 2616 δ’
786 2572 970 2624 εἰκότως
989 2574 1064 2616 καὶ
1086 2568 1397 2632 ἀγκυλομήτην
1417 2576 1604 2618 καλοῦσι
1623 2571 1705 2618 τὸν

221 2636 417 2696 Κρόνον,
449 2639 661 2695 ἀγκύλων
700 2638 850 2684 ὄντων
889 2641 963 2683 καὶ
1000 2640 1505 2698 δυσπαρακολουθήτων
1540 2639 1568 2685 ἃ
1601 2641 1704 2699 μήτι

332 2741 362 2785 ¹)
393 2739 595 2778 Collocatio
637 2741 830 2779 verborum
870 2744 992 2777 autem
1031 2741 1176 2778 videtur
1215 2741 1360 2778 turbata
1403 2752 1501 2779 esse:
1549 2742 1703 2778 fortasse

220 2793 378 2843 εὑρεθέν
399 2799 486 2843 post
507 2797 671 2843 Δελφοῖς
693 2797 1000 2844 transponendum
1025 2800 1093 2834 est.
