2096 3129
373 174 426 211 60

372 270 409 308 οἱ
433 271 473 309 δὲ
498 266 560 308 ὅτι
579 269 640 307 ἐπὶ
656 276 722 317 τῆς
745 272 935 318 Τρίτωνος
951 271 1084 318 λίμνης

372 325 574 375 ἐγεννήθη.
637 325 674 364 οὶ
720 327 759 365 δὲ
805 322 865 364 ὅτι
911 324 974 365 ἐπὶ
1014 332 1083 366 τοῦ

377 383 568 431 Τρίτωνος
597 389 788 430 ποταμοῦ.
842 384 895 422 Cf.
920 385 1081 432 Hesych.

371 452 399 477 s.
416 453 450 477 v.
481 439 725 488 Τριτογένεια
749 444 787 478 et
816 439 1052 488 Τριτογενής.

484 524 705 574 Explicatio
726 524 946 573 insequens,
971 535 1086 573 quam
1107 524 1297 564 Cornutus
1317 526 1528 576 impugnat,
1549 523 1653 574 quod
1673 525 1862 575 spinosior

371 595 410 629 et
438 590 680 630 artificiosior
709 592 758 630 sit
786 603 913 641 neque
942 594 1116 630 veterum
1145 595 1362 642 temporum
1391 592 1559 642 simplici
1585 592 1743 641 ingenio
1769 603 1860 630 con-

371 660 517 707 veniat,

557 671 581 697 a
620 659 838 709 Chrysippo
878 660 1066 709 originem
1106 659 1230 698 ducit:
1271 660 1319 698 cf.
1355 659 1511 698 Philod.
1544 657 1645 712 περὶ
1684 655 1774 700 εὐσ.
1808 660 1858 698 15

371 727 440 775 (=
452 726 618 776 Diogen.
634 725 679 764 fr.
690 727 743 765 33
760 726 884 776 Arn.).
923 727 1061 775 Neque
1082 726 1224 775 dubito,
1245 727 1339 776 quin
1358 738 1407 766 ea
1425 727 1546 766 verba
1560 738 1637 765 non
1653 738 1676 764 a
1691 725 1860 765 Cornuto

369 795 454 842 ipso
484 794 618 832 addita
646 795 742 832 sint:
772 795 854 832 tale
883 794 1066 832 iudicium
1097 794 1209 833 decet
1236 793 1534 843 Apollodorum.

482 896 609 946 Pergo
640 908 885 946 comparare:

415 981 486 1029 Ap.
516 983 626 1029 Soph.
657 994 694 1029 p.
713 985 841 1029 107,3;
874 977 1082 1025 Λαοσσόος

370 1035 391 1084 ἦ
419 1036 507 1082 τοῦς
536 1037 651 1082 λαούς
674 1044 832 1080 σοοῦσα,
865 1034 887 1077 δ’
914 1036 996 1077 ἐστι
1022 1051 1083 1076 σο-

370 1099 495 1142 βοῦσα
526 1097 591 1130 καὶ
623 1093 686 1130 ἐπὶ
715 1092 886 1141 πόλεμον
911 1092 1081 1141 ὃρμῶσα.

371 1148 392 1188 ὃ
430 1151 470 1189 δὲ
502 1146 639 1188 Ἀπίων
677 1147 699 1197 ἦ
739 1149 829 1195 τούς
859 1150 975 1195 λαοὺς
1011 1150 1083 1189 σώ-

373 1211 502 1252 ζουσα.

415 1276 487 1321 Ap.
523 1276 632 1321 Soph.
667 1287 704 1321 p.
730 1279 804 1321 126,
825 1279 883 1311 29:
928 1274 1083 1318 Παλλάς

372 1330 555 1367 ἐπίθετον
586 1327 682 1367 ἴδιον
715 1326 893 1376 Ἀθηνᾶς,
930 1327 980 1374 ὡς
1009 1331 1082 1376 μὲν

369 1384 521 1433 Ἀπίων,
553 1382 630 1423 dud
663 1391 732 1423 τοῦ
754 1386 882 1422 παίειν
907 1386 996 1430 τοὺς
1020 1390 1081 1423 λα-

370 1441 451 1487 ούς,
485 1440 506 1490 ἢ
532 1440 608 1480 dub
635 1448 702 1480 τοῦ
728 1441 887 1479 πάλλειν
910 1442 953 1479 τὸ
979 1442 1081 1491 δόρυ,

369 1498 390 1545 ἢ
417 1495 493 1536 α’πὸ
520 1504 588 1537 τοῦ
612 1497 773 1536 πάλλειν
797 1497 898 1536 κατὰ
922 1498 990 1545 τὴν
1006 1496 1081 1545 ἤλι-

1196 983 1299 1019 Corn.
1334 993 1370 1029 p.
1395 985 1449 1029 37,
1475 986 1531 1019 17:
1575 979 1784 1019 Λαοσσόον
1819 981 1858 1020 δὲ

1123 1042 1126 1045 “
1151 1036 1268 1086 αὐτην
1286 1036 1567 1106 ἐπονομάζουσι
1591 1036 1651 1076 διὰ
1669 1052 1712 1076 το
1731 1037 1860 1077 σεύειν

1152 1093 1194 1132 ἐν
1224 1100 1306 1137 ταῖς
1334 1091 1473 1141 μάχαις
1497 1093 1586 1137 τοὺς
1609 1093 1758 1137 λαούς.
1804 1092 1858 1140 .ἢ

1149 1154 1296 1196 μᾶλλον
1305 1149 1365 1189 διοέ
1376 1150 1419 1188 τὸ
1434 1148 1619 1198 σώτειραν
1628 1146 1722 1198 αὐτὴ
1729 1165 1748 1187 ν
1757 1154 1861 1188 λαιῦν

1152 1205 1259 1244 ειναι.

1196 1276 1300 1313 Corn.
1316 1288 1353 1321 p.
1367 1279 1419 1321 38,
1431 1279 1467 1311 2:
1492 1272 1644 1318 Παλλὰς
1656 1274 1696 1313 δὲ
1711 1273 1859 1322 λέγεται

1151 1330 1211 1367 διὰ
1235 1330 1303 1377 τὴν
1325 1330 1615 1377 μεμυθευμένην
1631 1333 1719 1378 περὶ
1742 1328 1860 1377 αὐτὴν

1150 1385 1330 1434 νεότητα,
1361 1384 1427 1434 ἀφ’
1451 1383 1496 1424 οὗ
1519 1386 1586 1424 καὶ
1609 1385 1646 1423 οὶ
1669 1382 1861 1433 πάλληκες

1149 1444 1213 1480 καὶ
1252 1447 1441 1481 παλλακαὶ
1477 1441 1857 1492 προσαγορεύονται·

1151 1499 1397 1547 σκιρτητικὸν
1421 1498 1494 1548 γάρ
1526 1503 1589 1536 καὶ
1614 1496 1860 1544 παλλόμενον

369 1556 474 1593 κίαν·
508 1554 701 1602 παρθένος
733 1554 806 1603 γάρ
840 1554 954 1597 ἐστιν,
986 1551 1082 1594 ὅθεν
1152 1555 1194 1592 τὸ
1220 1553 1358 1601 νέον.ῑ)

367 1615 432 1649 καὶ
465 1608 487 1648 0‘
517 1608 667 1655 πάλλαξ
698 1607 931 1656 ὠνόμασται.
988 1608 1080 1648 ἔνιοι

369 1668 409 1706 δὲ
433 1663 494 1706 ὅτι
513 1666 718 1704 Πάλλαντα
736 1664 895 1708 ἀνεῖλεν,
921 1664 988 1705 ἕνα
1006 1674 1083 1705 τῶν
1109 1687 1112 1706 ι

368 1723 569 1770 Γιγάντων
590 1737 597 1745 ·
631 1728 745 1761 τοῦτο
776 1723 817 1761 δὲ
849 1721 919 1760 οὐκ
949 1722 994 1761 ἴιν
1026 1738 1082 1767 τις

372 1779 414 1824 ἐξ
439 1776 602 1829 Ὁμήρου
627 1777 901 1828 παραστήσειε.

483 1887 641 1926 Ceteras
677 1898 830 1936 quoqne
867 1888 1136 1936 cognominum
1171 1887 1457 1937 explicationes
1495 1898 1565 1936 per
1605 1898 1646 1925 se
1674 1889 1782 1936 patet
1811 1898 1859 1925 ex

369 1955 505 1994 eodem
544 1955 654 1994 fonte
693 1956 925 2003 manumissa,
965 1958 1004 1994 et
1043 1956 1123 1994 alia
1157 1955 1348 1994 accedunt
1375 1956 1614 1994 testimonia:
1654 1967 1743 1993 nam
1773 1966 1859 1994 cum

368 2024 528 2063 Cornuti
571 2024 812 2073 cognominis
851 2017 1100 2077 Ἀτρυτώνη
1151 2023 1367 2073 veriloquio
1417 2024 1587 2062 concinit
1634 2022 1858 2062 Eustathius

367 2104 404 2140 p.
434 2091 554 2138 1517,
577 2092 600 2128 6
637 2091 705 2141 (ad
741 2090 767 2131 ό
793 2091 907 2140 762):
942 2085 1190 2144 Ἀτρυτώνη
1230 2088 1277 2130 δὲ
1311 2083 1494 2144 Ἀθηνᾶ,
1528 2087 1556 2144 ἡ
1588 2083 1793 2143 ἄτρυτος,
1834 2083 1858 2131 ὅ

368 2156 489 2199 εστιν
519 2151 712 2213 ἀτειρής·
750 2157 813 2206 ὡς
841 2151 930 2199 ἀπὸ
959 2158 1046 2199 τοῦ
1076 2156 1202 2212 τρέω,
1238 2158 1343 2211 τρῶ,
1378 2155 1424 2210 εξ
1452 2155 1505 2199 οὐ
1537 2156 1613 2198 καὶ
1642 2151 1695 2199 τὸ
1725 2156 1857 2212 τείρω

368 2225 442 2266 καὶ
481 2221 535 2266 τὸ
569 2221 704 2279 τρύω.
764 2228 869 2266 Rara
897 2238 991 2266 vero
1021 2225 1206 2277 epitheta,
1242 2238 1341 2276 quae
1370 2238 1407 2276 p.
1434 2227 1500 2275 39,
1523 2227 1642 2265 6-8
1673 2226 1859 2276 congerit,

367 2307 448 2333 non
486 2296 560 2333 nisi
589 2307 637 2333 ex
667 2294 783 2333 docto
814 2295 982 2343 quodam
1012 2307 1130 2344 opere
1159 2306 1373 2343 agnoscere
1401 2295 1538 2344 potuit,
1567 2295 1609 2333 in
1638 2306 1715 2343 quo
1744 2294 1858 2333 etiam

367 2361 648 2401 reconditiores
695 2374 758 2401 res
805 2362 1207 2412 pertractabantur32)
1262 2373 1439 2411 quaeque
1486 2361 1546 2400 his
1595 2361 1643 2400 de
1686 2361 1858 2400 Victoria

368 2431 572 2468 subiuncta
615 2433 721 2476 sunt,
765 2441 812 2467 ea
851 2441 1006 2479 quoque
1047 2429 1226 2467 videntur
1263 2429 1510 2478 Apollodoro
1550 2429 1692 2467 deberi.
1762 2428 1857 2468 Cum

367 2497 587 2548 veriloquio
608 2497 718 2538 vocis
737 2494 855 2552 Νίκη
877 2497 1056 2546 concinit,
1087 2496 1191 2548 quod
1216 2497 1257 2536 in
1277 2496 1361 2538 cod.
1382 2495 1511 2537 Tisch.
1536 2496 1585 2536 17
1607 2515 1661 2529 =
1681 2497 1856 2538 Reitzen-

482 2632 511 2677 ¹)
535 2630 589 2668 cr.
615 2631 716 2668 Euat.
741 2642 778 2677 p.
796 2633 850 2677 84,
864 2633 918 2667 35.
966 2630 1095 2668 Strabo
1115 2633 1167 2676 18,
1190 2642 1227 2677 p.
1245 2633 1321 2667 816.

480 2689 511 2732 2)
535 2685 646 2723 ἱππία
661 2688 760 2732 apud
774 2687 967 2724 PIndarum
984 2687 1120 2732 legitur
1135 2686 1188 2723 01.
1201 2687 1294 2723 XIII
1307 2689 1367 2731 823
1392 2683 1631 2729 δαμάσιππος
1643 2686 1679 2722 in
1690 2686 1856 2723 versibus

368 2743 591 2789 Lamproolis
623 2753 645 2780 a.
675 2743 882 2789 Phrynicho
917 2742 1040 2780 relatis
1075 2742 1204 2789 (schol.
1234 2742 1346 2779 Arist.
1376 2741 1472 2779 Nub.
1501 2753 1534 2778 v,
1559 2744 1636 2787 967,
1668 2743 1713 2779 cf.
1744 2742 1856 2779 schol.

369 2800 516 2836 Aristid.
533 2800 589 2835 ΙΙΙ
612 2811 647 2846 p.
666 2801 757 2845 538).
805 2796 1034 2846 δορικέντωρ
1058 2810 1130 2836 non
1152 2800 1220 2836 nisi
1244 2811 1264 2836 e
1288 2799 1448 2836 Cornuto
1471 2802 1596 2835 notum
1620 2802 1686 2836 est.
