2096 3129
325 160 381 198 30

438 284 474 321 p.
496 273 629 319 28,17
660 272 745 311 Hoc
775 271 824 310 de
853 273 941 311 loco
971 283 1089 322 supra
1119 274 1181 322 egi
1212 274 1264 323 (p.
1286 274 1339 322 8).

440 341 562 390 p.29,
584 340 634 377 lO
675 333 945 394 οἰκητήριον.
1005 339 1062 379 Cf.
1097 352 1134 390 p.
1156 341 1228 389 45,
1255 341 1309 379 20
1347 337 1376 393 ἡ
1414 337 1462 380 δὲ
1502 335 1660 392 Πάφος
1698 336 1815 381 ἴδιον

595 398 733 462 αὐτῆς
762 402 1032 462 οἰκητήριον.

438 488 475 525 p.
498 477 562 522 29,
584 476 632 513 18
668 466 696 527 ἥ
731 488 780 515 τε
816 469 898 527 γὰρ
935 471 1143 516 θάλαττα
1177 473 1413 530 ὑπέμεινεν
1442 472 1491 516 ἐν
1519 481 1614 523 τοῖς
1647 476 1816 533 κοιλοϊς

594 535 732 596 αὐτῆς
770 541 917 596 μέρεσι
955 539 1070 584 κατὰ
1100 541 1354 598 μεταβολὴν
1383 534 1638 593 ὖποστᾶσα,
1681 539 1737 584 τά
1765 556 1815 584 τε

594 603 674 664 ὄρη
704 608 805 663 περὶ
836 606 889 650 τὸ
919 603 1158 663 ἀνώμαλον
1177 611 1257 664 τῆς
1277 607 1544 665 συνιζήσεως
1563 608 1643 658 τὰς
1663 607 1815 663 ἐξοχὰς

595 671 734 728 ἔλαβε.
797 689 834 727 p.
856 677 922 725 56,
941 678 992 715 10
1027 669 1054 731 ἥ
1089 691 1138 718 τε
1173 674 1406 732 ἀνωμαλία
1440 675 1519 727 τὰς
1553 672 1815 731 κοιλότητας

594 743 670 784 καὶ
699 741 778 793 τὰς
807 741 958 797 ἐξοχὰς
988 744 1084 785 τῶν
1115 743 1248 799 ὀρῶν.

435 824 471 862 p.
494 813 559 862 31,
580 812 604 851 5
640 813 686 851 In
729 813 860 863 primis
905 812 1026 862 digna
1069 816 1127 852 est
1169 825 1270 863 quae
1314 814 1521 854 adnotetur
1564 814 1816 864 congruentia

593 880 749 920 horum:
785 878 1124 934 συνεκδέχεσθαι
1153 876 1334 930 τούτοις
1362 880 1437 922 καὶ
1464 879 1544 931 τὰς
1571 882 1664 922 τῶν
1692 878 1815 922 ἐναν-

592 947 705 989 τίων
744 947 933 1001 σχέσεων
967 946 1111 998 αἰτίας
1147 947 1330 998 δέοντος
1359 953 1397 989 et
1426 962 1463 1000 p.
1485 951 1550 999 69,
1570 951 1589 989 1
1622 948 1695 990 καὶ
1725 962 1813 990 τοι·

593 1011 735 1058 οὗτόν
762 1030 806 1057 τι
836 1013 885 1057 ἐκ
915 1016 999 1058 τοῦ
1027 1015 1173 1072 μηροῦ
1202 1015 1542 1071 συνεκδέχεσθαι
1572 1015 1765 1066 δέοντος.

435 1118 577 1158 Omnia
605 1118 722 1168 igitur
751 1117 926 1168 suadent,
955 1121 998 1157 ut
1027 1131 1050 1156 a
1079 1118 1310 1158 Reinhardti
1340 1120 1562 1159 coniectura
1590 1119 1815 1159 recedamus

323 1190 362 1226 et
402 1198 535 1226 omnes
565 1187 791 1226 Cornutiani
830 1187 960 1226 libelli
999 1190 1130 1237 partes
1171 1188 1219 1226 ab
1258 1199 1335 1226 uno
1372 1188 1585 1238 eodemque
1621 1188 1814 1237 profectas

321 1266 407 1294 esse
436 1257 595 1294 auctore
626 1257 848 1294 statuamus.

433 1390 633 1429 Libellum
670 1391 949 1430 Cornutianum
989 1391 1055 1429 vel
1094 1390 1218 1429 obiter
1255 1391 1526 1440 inspicientem
1564 1389 1698 1440 fugere
1737 1402 1815 1429 non

322 1459 463 1507 potest,
492 1469 569 1506 quo
600 1457 764 1496 consilio
795 1458 1033 1507 conscriptus
1064 1458 1124 1496 sit.
1173 1456 1331 1497 Orditur
1360 1458 1461 1497 enim
1491 1460 1625 1497 auctor
1654 1470 1677 1495 a
1706 1458 1816 1507 pueri

320 1525 521 1565 cuiusdam
561 1525 812 1565 adlocutione
852 1528 984 1575 atque,
1024 1526 1253 1575 ubicumque
1293 1525 1343 1564 ad
1372 1538 1515 1565 novam
1544 1525 1814 1576 disputationis

319 1596 470 1644 partem
499 1594 649 1643 transit,
678 1596 798 1633 talem
828 1593 1113 1633 adlocutionem
1134 1595 1364 1645 praemittit:
1396 1594 1444 1633 cf.
1464 1607 1502 1644 p.
1523 1594 1670 1643 41,19.
1701 1595 1765 1643 52,
1777 1594 1814 1632 4.

321 1663 386 1709 65,
406 1663 447 1709 1;
475 1667 681 1712 praeterea
709 1662 760 1701 ad
786 1675 945 1712 puerum
967 1675 1008 1702 se
1029 1664 1223 1701 convertit
1251 1675 1290 1713 p.
1314 1664 1376 1710 17,
1397 1663 1459 1702 15.
1490 1664 1554 1710 28,
1574 1663 1636 1703 11.
1667 1664 1731 1710 31,
1752 1663 1813 1701 14.

322 1731 388 1778 76,
409 1730 531 1778 2,11.
590 1729 711 1776 Quid!
771 1729 884 1776 Quod
923 1730 998 1769 hoc
1038 1730 1152 1769 modo
1192 1731 1354 1769 libellus
1394 1728 1629 1780 discipulum
1669 1730 1719 1768 ad
1756 1731 1813 1768 in-

319 1797 545 1837 struendum
584 1798 817 1848 compositus
854 1801 927 1846 est,
968 1801 1148 1837 movetne
1178 1797 1219 1836 id
1249 1798 1519 1837 mirationem?
1567 1799 1687 1836 Immo
1716 1797 1814 1837 haec

318 1877 381 1904 res
429 1877 509 1904 non
558 1868 638 1903 tam
686 1877 790 1904 nova
828 1868 894 1904 aut
932 1865 1107 1904 inaudita
1153 1868 1221 1906 est.
1290 1866 1391 1904 Nam
1430 1868 1473 1904 ut
1510 1865 1813 1915 praetermittam

318 1934 511 1983 exempla,
541 1944 642 1982 quae
664 1932 841 1972 Osannus
861 1934 1023 1983 protulit
1041 1933 1165 1983 praef.
1184 1945 1221 1983 p.
1243 1933 1352 1971 XXX
1371 1932 1471 1981 adn.,
1483 1934 1513 1983 1)
1535 1933 1716 1983 quoniam
1737 1932 1812 1971 huc

318 2013 398 2039 non
432 2000 595 2050 faciunt,
634 1999 901 2047 Philodemus,
940 2000 1196 2052 philosophus
1230 2000 1461 2051 Epicureus,
1500 2001 1542 2039 in
1574 2001 1676 2040 libro
1711 1999 1812 2053 περὶ

316 2065 553 2124 ῥητορικῆς
584 2068 721 2108 Gaium
751 2068 943 2119 quendam
971 2080 1133 2119 puerum
1163 2068 1437 2118 adloquitur,²)
1467 2071 1506 2107 et
1533 2068 1706 2117 Attalus,
1746 2069 1812 2118 qui

316 2138 443 2176 altero
483 2140 574 2175 ante
615 2136 705 2176 Chr.
739 2150 776 2174 n.
811 2138 969 2175 saeculo
1008 2138 1121 2184 vixit,
1160 2137 1277 2175 Arati
1315 2137 1522 2175 editionem
1563 2137 1735 2175 criticam
1775 2139 1813 2175 et

317 2205 433 2244 simul
469 2204 786 2244 commentarium
824 2204 1042 2255 publicavit
1076 2203 1125 2244 ad
1155 2216 1318 2255 puerum
1347 2203 1542 2255 quendam
1571 2204 1811 2255 inscripta.³)

429 2274 535 2312 Fieri
565 2284 645 2310 non
674 2273 815 2321 potuit,
844 2276 886 2310 ut
915 2273 1148 2322 epitomator
1177 2272 1335 2321 quidam
1365 2272 1503 2311 ceteris
1532 2273 1691 2321 genuini
1719 2271 1811 2311 libri

317 2341 477 2381 Cornuti
506 2339 685 2392 partibus
714 2338 925 2380 decurtatis
956 2342 995 2380 et
1025 2338 1191 2380 foedatis
1219 2340 1373 2390 integra
1401 2339 1655 2390 relinqueret,
1694 2351 1811 2390 quae·

432 2497 460 2542 1)
490 2496 648 2542 Relegat
671 2495 718 2532 ad
742 2495 1014 2542 Philostratum,
1040 2496 1102 2542 qui
1124 2496 1161 2532 in
1185 2495 1407 2542 Imaginibus
1430 2506 1582 2542 puerum
1606 2495 1822 2533 audientem·

315 2552 404 2588 facit
435 2556 473 2588 et
504 2552 551 2587 ad
583 2551 686 2589 Stob.
710 2551 790 2587 Ecl.
814 2552 918 2598 phys.
948 2563 984 2598 p.
1007 2556 1137 2598 926sq.
1170 2553 1276 2588 Heer.
1331 2551 1402 2597 (Of.
1435 2552 1697 2597 Reitzenstein,
1729 2553 1811 2588 Poi-

315 2609 485 2645 mandres
507 2620 542 2655 p.
562 2611 627 2645 134
636 2609 734 2654 sqq.)

428 2667 459 2711 2)
490 2666 572 2702 Hoc
605 2665 813 2711 exemplum
845 2668 943 2702 recte
969 2667 1099 2712 Reppe
1124 2666 1195 2712 (De
1221 2667 1260 2702 L.
1285 2665 1436 2702 Annaeo
1460 2665 1632 2712 Cornuto,
1657 2666 1810 2702 Dissert.

316 2723 414 2768 Lips.
435 2725 532 2767 1906,
556 2733 591 2767 p.
611 2723 669 2767 11)
693 2721 825 2758 attulit.

428 2781 457 2826 3)
483 2779 661 2815 Ernestus
684 2779 813 2823 Maass,
837 2778 973 2815 Comm.
998 2779 1033 2815 in
1057 2780 1207 2816 Aratum
1232 2779 1307 2816 rell.
1331 2791 1366 2825 p.
1383 2779 1466 2816 XII.
