2096 3129
1620 153 1672 192 35

188 270 402 321 allegoriae
443 269 559 307 aliam
600 271 716 318 atque
754 268 1075 319 praecedentibus
1116 267 1273 307 subesse
1312 268 1498 306 rationem
1540 288 1593 294 —
1633 266 1673 304 id

188 338 293 388 quod
323 336 644 377 Schmitt-Blank.
674 338 749 375 1.1.
775 349 810 386 p.
831 337 906 374 101
940 336 1139 375 contendit
1168 358 1223 364 —
1253 339 1414 385 apparet
1442 335 1674 385 comparatis

188 406 247 453 iis,
268 416 368 455 quae
387 416 427 454 p.
444 404 510 451 20,
526 404 550 442 5
572 407 610 442 et
630 415 729 453 quae
748 416 785 454 p.
806 405 867 451 19,
887 404 937 441 16
957 404 1150 452 leguntur.
1197 404 1278 441 Eae
1299 405 1436 451 autem,
1456 413 1556 451 quae
1575 402 1674 440 inse-

188 475 366 522 quuntur,
405 472 685 521 explicationes
720 472 842 520 magis
881 470 931 509 ad
962 470 1179 510 Gratiarum
1209 473 1448 508 venustatem
1481 472 1519 508 et
1548 470 1672 508 suavi-

189 543 306 579 tatem
351 551 465 589 quam
512 539 561 578 ad
604 540 704 578 bene
749 538 922 578 faciundi
964 538 1153 577 rationem
1197 538 1424 588 diriguntur.
1495 538 1676 576 Mercurii

191 608 409 648 Gratiarum
447 608 642 657 praestitis
681 607 888 657 allegoria,
927 618 1003 656 qua
1032 606 1081 645 ad
1111 607 1319 656 insequens
1349 609 1481 656 caput,
1520 618 1595 655 quo
1626 605 1674 644 de

189 676 263 714 hoc
303 675 377 714 deo
413 676 550 724 agitur,
590 676 785 722 transitur,
823 675 989 713 invicem
1024 675 1150 713 altera
1182 675 1331 712 ratione
1361 674 1578 713 substructa
1607 676 1674 712 est.

189 742 266 780 Sed
303 741 400 781 haec
438 744 517 780 tam
552 743 649 780 mira
682 742 941 780 inconstantia
969 740 1060 779 inde
1089 740 1204 780 facile
1235 740 1447 790 expeditur,
1486 740 1589 789 quod
1619 762 1675 768 —

188 812 230 848 ut
266 809 368 848 infra
406 810 493 848 aliis
532 810 765 858 argumentis
805 809 1004 848 evincetur
1031 830 1098 856 ——,
1134 820 1234 858 quae
1274 808 1422 847 duobus
1453 820 1474 846 e
1504 808 1675 846 fontibus

189 876 328 915 hausta
356 875 538 914 videntur
567 887 661 924 esse,
690 877 791 914 inter
818 887 860 914 se
890 876 1095 914 commixta
1124 878 1224 914 sunt.
1272 876 1355 914 Hoc
1381 875 1675 925 respicientibus

188 956 237 982 ne
276 943 317 983 id
352 943 508 993 quidem
538 945 673 982 mirum
704 946 778 992 est,
818 943 923 993 quod
951 944 991 982 in
1020 944 1128 982 initio
1158 944 1293 993 capitis
1323 943 1518 984 aliterde
1548 943 1674 982 Grati·

190 1024 297 1049 arum
346 1014 431 1050 ortu
479 1014 658 1050 narratur
705 1014 821 1060 atque
868 1012 909 1048 in
957 1014 1139 1049 extremo.
1206 1012 1415 1060 Postquam
1464 1011 1675 1049 Mercurius

191 1079 405 1119 Gratiarum
435 1082 610 1129 praestes
638 1079 817 1118 inductus
834 1082 915 1128 sest,
945 1080 1159 1128 insequitur
1185 1079 1248 1117 dei
1267 1079 1430 1117 nominis
1451 1081 1490 1117 et
1509 1079 1674 1117 notionis

190 1148 410 1196 explicatio.
458 1147 629 1186 Similem
659 1151 787 1185 autem
816 1148 855 1185 in
886 1147 1040 1185 modum
1070 1147 1269 1186 exordium
1291 1147 1568 1196 disputationis,
1598 1158 1674 1196 qua

190 1215 238 1253 de
268 1214 409 1253 Libero
447 1217 558 1264 patre
599 1215 735 1263 agitur,
774 1217 1034 1263 comparatum
1072 1216 1150 1252 est:
1190 1226 1280 1252 nam
1319 1217 1361 1252 ut
1398 1214 1485 1252 illic
1515 1214 1674 1252 demon-

189 1284 341 1329 stratur,
381 1281 474 1331 quid
505 1281 693 1321 Mercurio
730 1293 815 1320 cum
845 1281 963 1320 Musis
992 1281 1056 1330 sit,
1096 1282 1150 1320 ita
1179 1281 1258 1329 hic,
1298 1293 1397 1330 quae
1427 1282 1524 1320 ratio
1555 1282 1673 1320 inter-

189 1349 304 1388 cedat
332 1350 432 1387 inter
461 1349 657 1387 Bacchum
686 1352 725 1386 et
753 1350 866 1387 Pacis
896 1360 1052 1395 numen,
1089 1349 1138 1386 de
1167 1361 1242 1397 quo
1272 1352 1388 1387 antea
1417 1352 1543 1387 actum
1574 1352 1674 1395 erat3

188 1415 311 1455 isdem
340 1428 434 1455 vero
463 1428 487 1454 a
515 1416 642 1455 verbis
669 1416 813 1455 Bacchi
841 1416 1005 1455 nominis
1035 1416 1300 1466 interpretatio
1331 1416 1529 1455 exorditur
1559 1419 1673 1465 atque

189 1485 388 1523 Mercurii:
430 1484 478 1522 cf.
508 1497 545 1533 p.
567 1485 697 1531 57,21
730 1481 935 1536 τυγχάνει
965 1482 1011 1523 δὲ
1042 1480 1066 1523 ὁ
1099 1480 1312 1531 Διόνυσος
1342 1479 1441 1538 ἦτοι
1468 1479 1674 1531 διάνυσος

189 1546 269 1600 οόν,
309 1563 346 1601 p.
370 1552 501 1599 20,18
541 1548 746 1604 τυγχάνει
787 1549 834 1591 δὲ
872 1549 896 1591 ὀ
925 1549 1076 1603 Ἑρμῆς
1116 1547 1139 1591 ὁ
1180 1547 1312 1604 λόγος
1341 1544 1420 1591 ὤν.
1479 1551 1546 1589 Ad
1575 1552 1674 1589 Mer-

191 1620 286 1657 curii
306 1620 511 1667 notionem,
541 1631 640 1668 quae
660 1632 697 1669 p.
719 1620 783 1667 20,
801 1620 850 1657 21
875 1618 1063 1666 definitur,
1094 1620 1272 1667 omnium,
1292 1631 1392 1668 quae
1412 1620 1673 1668 insequuntur,

190 1687 460 1737 cognominum
502 1688 839 1737 interpretationes
883 1686 1117 1734 referuntur,
1168 1687 1306 1736 quibus
1355 1687 1459 1725 haud
1501 1687 1673 1737 inlepide

190 1755 271 1792 alia
308 1756 543 1802 inseruntur,
583 1767 682 1804 quae
721 1754 823 1794 hunc
863 1755 913 1793 ad
949 1755 1060 1794 deum
1095 1756 1292 1804 pertinent
1326 1757 1364 1793 et
1392 1755 1562 1793 indidem
1591 1755 1673 1794 fere

190 1825 306 1872 atque
335 1823 565 1872 cognomina
594 1822 806 1872 repetenda
835 1827 942 1861 sunt:
972 1823 1080 1861 velut
1109 1822 1158 1861 ad
1179 1823 1418 1871 cognominis
1439 1818 1674 1874 διάκτορος

188 1891 544 1940 interpretationem
589 1890 661 1929 deo
699 1891 853 1941 linguas
894 1890 1100 1929 sacrificari
1140 1890 1356 1935 adnotatur,
1396 1894 1433 1929 et
1471 1894 1673 1940 postquam

190 1970 405 2006 cognomen
458 1957 602 2004 σῶκος
651 1959 887 2007 explicatum
936 1961 1009 2005 est,
1059 1958 1248 1996 Mercurio
1297 1970 1440 1996 numen
1488 1958 1672 1996 Sanitatis

190 2024 348 2074 adiungi
383 2028 571 2064 narratur.
630 2025 781 2064 Dehinc
820 2024 1028 2074 disputatio
1062 2025 1117 2063 ita
1147 2024 1331 2073 decurrit,
1371 2028 1412 2063 ut
1441 2025 1544 2074 quod
1573 2026 1673 2064 Mer-

190 2092 316 2129 curius
344 2103 484 2140 praeco
513 2091 671 2130 deorum
702 2094 740 2130 et
768 2092 923 2129 nuntius
952 2091 1176 2141 perhibetur
1196 2103 1291 2139 esse,
1322 2103 1343 2130 e
1364 2091 1513 2141 duplici
1534 2088 1673 2144 λόγου

190 2161 328 2197 natura
366 2159 604 2208 expediatur,
643 2171 720 2208 qua
757 2159 797 2196 in
834 2158 1094 2209 disputatione
1130 2160 1245 2197 etiam
1281 2159 1344 2197 dei
1373 2160 1521 2209 pinnati
1550 2160 1674 2198 calcei

191 2230 230 2264 et
273 2227 388 2264 Iridis
435 2228 494 2264 vis
541 2230 761 2276 tanguntur,
810 2226 949 2265 deinde
1000 2227 1240 2275 cognominis
1283 2222 1580 2279 ψυχοπομπός
1624 2227 1672 2265 de

190 2295 347 2331 notione
383 2294 603 2341 disseratur,
642 2294 693 2332 ad
723 2306 836 2342 quam
865 2294 907 2332 id
935 2305 1104 2342 quoque,
1144 2294 1249 2342 quod
1278 2294 1497 2332 hominibus
1526 2296 1674 2333 somnia

189 2360 307 2409 inicit,
336 2364 551 2400 revocatur.
599 2362 778 2412 Amplior
807 2362 999 2412 allegoria
1023 2362 1166 2411 baculi,
1196 2373 1308 2411 quem
1328 2362 1538 2401 Mercurius
1564 2363 1673 2412 gerit,

189 2429 266 2465 iam
295 2432 411 2467 antea
439 2431 723 2468 commemorati
749 2430 979 2469 adnectitur.
1022 2430 1106 2468 Hoc
1127 2431 1244 2479 igitur
1264 2431 1376 2468 modo
1397 2432 1672 2469 sententiarum

191 2495 375 2535 decursus
403 2497 486 2547 ipse
514 2499 615 2546 tulit,
644 2503 686 2536 ut
714 2510 738 2536 a
763 2499 1032 2547 cognominum
1056 2498 1374 2548 interpretatione
1394 2498 1672 2538 deflecteretur.

190 2574 227 2611 p.
249 2563 314 2610 23,
331 2565 354 2600 6
385 2575 489 2602 nova
518 2565 669 2604 videtur
699 2565 968 2615 disputationis
995 2577 1087 2615 pars
1115 2566 1307 2615 incipere:
1338 2566 1464 2614 agitur
1493 2567 1593 2604 enim
1624 2566 1671 2604 de

191 2630 373 2668 Mercurii
411 2635 513 2680 ortu,
554 2644 630 2682 qua
666 2634 709 2671 in
746 2645 788 2671 re
828 2633 892 2672 dei
930 2634 1034 2671 notio
1074 2637 1112 2672 et
1146 2634 1205 2672 vis
1244 2632 1304 2672 his
1343 2630 1672 2688 ὑποδηλοῦντες

191 2692 331 2737 πάλιν
363 2695 434 2738 διὰ
465 2695 632 2740 τούτου
662 2699 856 2754 θεωρίας
885 2699 958 2741 καὶ
989 2697 1204 2755 ζητήσεως
1234 2699 1426 2755 γέννημα
1454 2696 1566 2741 εἶναι
1592 2698 1675 2741 τὸν

192 2761 329 2818 λόγον
366 2767 571 2815 repetitum
610 2768 660 2807 ad
699 2768 800 2807 hanc
831 2769 974 2817 omnia,
1016 2781 1114 2818 quae
1150 2769 1411 2818 insequuntur,
1446 2769 1673 2819 diriguntur.

1430 2847 1470 2880 3*
