2096 3129
421 168 474 206 50

421 292 570 319 conexa
592 292 693 328 esse3
713 282 866 319 tertiam
884 293 976 320 vero
993 282 1350 332 interpretationem
1369 293 1407 331 p.
1424 283 1461 330 3,
1475 282 1638 321 10-13
1654 279 1909 332 philosophos

421 347 573 387 Stoicos
602 348 804 399 amplexos
834 359 919 387 esse
948 349 1081 388 nullus
1112 351 1238 389 exstat
1266 349 1385 396 testis,
1415 348 1568 388 accedit
1595 352 1722 389 autem
1751 348 1910 399 propius

419 415 471 454 ad
498 415 541 454 id
569 416 840 465 veriloquium,
871 416 975 464 quod
996 416 1143 456 Crateti
1172 417 1320 467 placuit
1350 415 1414 466 (cf.
1434 415 1533 464 Lyd.
1554 416 1602 455 de
1628 427 1747 455 mens.
1772 428 1809 466 p.
1828 416 1907 454 122

419 483 609 522 Wunsch:
640 478 815 538 Κράτης
846 481 892 524 δὲ
921 479 1012 525 ἀπὸ
1042 483 1127 525 τοῦ
1159 482 1344 525 διαίνειν
1374 481 1577 524 τουτέστι
1605 482 1800 525 πιαίνειν
1824 478 1908 537 τὴν

418 549 502 606 γῆν
531 546 744 600 βούλεται
774 544 1083 606 ὀνομασθῆναι
1104 547 1187 592 τόν
1208 550 1290 592 Δία
1314 546 1396 592 τὸν
1414 549 1475 600 εἰς
1493 547 1643 592 πάντα
1664 548 1907 605 διήκοντα).

417 620 558 668 Itaque
587 618 662 657 hoc
693 619 896 668 quominus
916 619 1165 669 Apollodoro
1190 619 1401 658 tribuamus
1426 618 1527 658 nihil
1551 622 1621 667 est,
1651 631 1728 668 quo
1747 630 1909 669 praepe-

417 685 578 724 diamur.
588 685 619 735 ¹)

533 753 737 793 Consentit
768 754 960 804 allegoria
986 753 1153 804 Λιταῖν,
1183 765 1282 803 quae
1308 766 1332 792 a
1357 754 1525 794 Cornuto
1554 766 1591 804 p.
1616 754 1665 792 12
1692 754 1909 804 exponitur,

418 831 504 859 cum
533 820 726 859 Heracliti
760 821 961 872 personati
996 821 1122 872 capite
1155 821 1259 871 37.2)
1318 821 1625 861 Consentaneum
1655 823 1713 861 est
1739 822 1907 872 plerum-

417 900 493 937 que
521 888 713 926 Heracliti
743 891 782 927 et
807 888 966 928 Cornuti
995 900 1225 927 consensum
1253 888 1344 926 inde
1374 888 1650 938 explicandum
1679 899 1774 937 esse,
1804 888 1908 937 quod

415 956 567 1006 utrique
606 955 729 995 subsit
757 955 994 1006 Apollodori
1037 956 1228 1005 doctrina,
1268 956 1372 1006 quod
1400 956 1563 996 fortasse
1593 958 1706 996 etiam
1735 956 1839 996 hunc
1867 957 1908 995 in

417 1023 575 1062 Cornuti
614 1023 745 1061 locum
785 1023 900 1061 cadit.
970 1023 1048 1063 Sed
1085 1024 1319 1073 relinquitur
1358 1023 1547 1062 dubitatio
1582 1023 1782 1073 quaedam,
1821 1035 1906 1062 cum

414 1090 487 1129 illa
516 1091 709 1141 allegoria
736 1102 816 1130 non
846 1093 929 1130 arte
960 1103 1046 1130 cum
1072 1090 1391 1131 antecedentibus
1421 1091 1743 1142 explicationibus
1768 1090 1906 1131 cohae-

414 1160 515 1207 reat,
555 1169 682 1209 neque
721 1159 800 1197 alia
839 1158 1029 1198 accedant
1068 1162 1277 1208 momenta,
1317 1159 1455 1210 quibus
1490 1159 1760 1210 Apollodorea
1798 1158 1907 1210 origo

415 1226 611 1265 fulciatur.
676 1226 784 1265 Idem
829 1227 1073 1266 statuendum
1113 1230 1171 1266 est
1211 1227 1259 1266 de
1298 1227 1471 1275 fabulae,
1512 1239 1612 1276 quae
1651 1227 1700 1266 ab
1738 1227 1906 1266 Homero

415 1294 442 1332 Z
468 1294 692 1332 132—137
723 1296 912 1342 narratur,
943 1294 1135 1344 allegoria
1160 1306 1185 1332 a
1210 1294 1380 1334 Cornuto
1410 1294 1539 1344 capiti,
1569 1293 1672 1344 quod
1698 1293 1746 1333 de
1765 1294 1906 1334 Libero

413 1364 524 1411 patre
541 1364 609 1409 est,
630 1361 850 1408 subiuncta3
872 1362 1063 1400 consentit
1081 1373 1206 1411 paene
1223 1362 1455 1400 verbotenus
1470 1362 1661 1401 Heracliti
1675 1364 1792 1411 caput
1807 1362 1907 1412 35.³)

526 1430 799 1469 Praetermitto
830 1441 914 1480 cap.
940 1431 1001 1477 13,
1031 1442 1055 1468 a
1080 1441 1157 1479 quo
1178 1430 1333 1469 omnino
1352 1429 1590 1479 Apollodori
1608 1441 1749 1469 nomen
1767 1431 1905 1479 procul

414 1496 636 1536 habendum
676 1499 744 1536 est.
804 1497 912 1543 Quae
952 1499 1081 1535 autem
1121 1496 1313 1536 Cornutus
1347 1509 1384 1546 p.
1409 1497 1460 1535 14
1490 1496 1538 1535 de
1569 1497 1687 1535 Musis
1722 1497 1904 1546 explicat,

414 1576 461 1603 ea
498 1576 679 1613 magnam
719 1563 875 1613 quidem
913 1566 1063 1613 partem
1102 1564 1152 1602 ad
1190 1565 1303 1602 illum
1341 1563 1565 1603 revocanda
1599 1575 1684 1603 esse
1718 1565 1905 1603 Ernestus

413 1631 554 1681 Maass,
573 1632 723 1671 Aratea
740 1643 778 1682 p.
794 1632 887 1680 211,
909 1634 946 1670 et
966 1631 1195 1671 Hefermehl
1214 1632 1283 1671 1.1.
1302 1644 1340 1682 p.
1357 1631 1411 1670 40
1432 1631 1496 1682 (cf.
1516 1644 1554 1682 p.
1568 1632 1635 1682 18)
1655 1630 1772 1671 firmis
1792 1643 1904 1682 argu-

414 1700 555 1738 mentis
585 1699 819 1746 docuerunt3
849 1701 888 1737 et
917 1700 1162 1749 exploratum
1191 1702 1250 1738 est
1278 1699 1503 1750 Epicharmi
1531 1710 1667 1738 versus
1692 1711 1716 1737 a
1735 1699 1903 1739 Cornuto

412 1767 550 1805 citatos
569 1767 636 1805 illi
656 1766 801 1805 deberi.
844 1767 981 1816 Neque
1002 1779 1058 1815 ea,
1079 1766 1217 1816 quibus
1238 1767 1429 1806 Cornutus
1449 1766 1498 1805 de
1518 1767 1714 1806 Musarum
1733 1778 1904 1814 numero,

412 1833 461 1872 de
500 1845 577 1882 quo
619 1833 688 1871 alii
727 1833 842 1871 aliter
879 1834 1058 1880 sentiant,
1098 1832 1202 1880 dicit,
1238 1834 1275 1871 ei
1315 1832 1572 1872 abiudicanda
1598 1833 1780 1872 videntur
1808 1844 1904 1882 esse,

411 1901 593 1949 quoniam
628 1902 784 1950 praeter
819 1911 905 1939 eum
935 1900 1054 1938 alium
1083 1900 1375 1949 grammaticum
1405 1902 1472 1939 aut
1500 1899 1775 1950 philosophum
1805 1899 1902 1939 Stoi·

411 1979 543 2006 corum
572 1971 703 2006 sectae
724 1967 919 2006 addictum
941 1968 1059 2006 talem
1080 1968 1300 2017 catalogum
1322 1968 1583 2018 composuisse
1602 1967 1806 2017 probabile
1825 1979 1902 2006 non

410 2037 469 2074 est
497 2046 625 2084 neque
654 2034 729 2074 hae
755 2035 974 2084 allegoriae
1001 2046 1134 2074 omnes
1155 2035 1315 2075 Cornuti
1339 2036 1458 2085 ipsius
1485 2047 1534 2074 ex
1554 2034 1709 2074 officina
1727 2034 1903 2085 prodisse

408 2102 600 2141 videntur.
608 2103 640 2151 ⁴)
699 2102 845 2152 Capitis
877 2102 947 2149 15,
987 2113 1063 2151 quo
1104 2101 1152 2141 de
1183 2102 1329 2141 Gratiis
1368 2101 1584 2152 disseritur,
1622 2103 1744 2141 multo
1782 2102 1903 2141 maior

523 2190 548 2235 1)
579 2189 634 2226 Cf.
666 2189 726 2224 Et.
759 2188 1014 2233 Gud.144,5o
1050 2189 1156 2231 Δίας,
1192 2183 1213 2224 ὃ
1250 2185 1356 2232 Ζεύς,
1396 2182 1442 2224 δι’
1473 2184 1518 2225 οὗ
1552 2190 1690 2234 ζῶμεν,
1721 2184 1828 2235 παρὰ
1856 2186 1900 2224 τὸ

409 2245 575 2288 διαίνειν,
608 2239 712 2282 τοῦτ’
738 2242 818 2281 ἐστι
848 2243 1005 2281 πλύνειν
1034 2243 1106 2291 τὴν
1130 2249 1212 2292 γῆν.
1257 2246 1347 2282 Cum
1371 2245 1588 2282 Comutiana
1611 2245 1833 2292 etymologia
1856 2246 1902 2282 cf.

407 2303 552 2339 Cramer
585 2301 726 2338 Anecd.
751 2301 865 2338 Oxon.
888 2302 906 2337 Ι
929 2313 964 2348 p.
984 2305 1058 2347 181,
1088 2302 1282 2338 Seleucum
1310 2312 1368 2348 ap.
1399 2303 1545 2339 Cramer
1566 2301 1706 2338 Anecd.
1731 2301 1842 2339 Oxon.
1865 2302 1901 2337 11

407 2371 442 2405 p.
460 2363 537 2404 443,
555 2363 574 2395 5
600 2358 875 2404 (Reitzenstein,
891 2358 1007 2395 Varro
1032 2369 1067 2395 u.
1092 2358 1169 2395 Ioh.
1194 2359 1306 2396 Maur.
1331 2371 1367 2405 p.
1385 2362 1427 2395 23
1452 2359 1532 2396 adn.
1550 2360 1597 2405 2).

523 2417 552 2460 ²)
576 2415 632 2451 Cf.
656 2416 760 2451 Eust.
785 2415 832 2450 ad
855 2415 873 2450 1
890 2419 955 2450 500
980 2426 1016 2460 p.
1035 2418 1111 2459 768,
1130 2419 1168 2451 10
1179 2426 1259 2460 sqq.

520 2473 547 2517 ³)
571 2470 627 2509 cf.
651 2471 754 2508 Eust.
778 2482 815 2517 p.
833 2473 911 2518 629,
927 2474 966 2508 18
976 2482 1054 2518 sqq.
1428 2512 1431 2513 ⁷

520 2530 550 2571 ⁴)
574 2527 677 2563 Alias
701 2528 895 2572 allegorias
917 2528 1073 2563 Tzetzes
1096 2528 1133 2562 in
1156 2529 1242 2563 Hes.
1261 2529 1353 2573 Opp.
1376 2539 1412 2573 p.
1430 2531 1484 2572 26,
1498 2530 1519 2563 9
1542 2528 1684 2573 profert
1705 2528 1768 2571 (cf.
1784 2528 1900 2563 Maass

406 2584 430 2620 l.
448 2584 498 2629 l.)‚
524 2583 592 2619 sed
616 2583 859 2629 comparanda
881 2587 966 2620 sunt
988 2583 1078 2620 haec
1102 2579 1142 2619 al
1165 2581 1205 2620 δὲ
1224 2579 1322 2620 ἑπτὰ
1338 2580 1408 2630 τὴν
1425 2578 1666 2630 ἑπτάχορδον
1682 2580 1801 2630 λύραν
1818 2593 1900 2619 cum

405 2641 512 2677 Corn.
536 2652 572 2686 p.
592 2644 645 2686 15,
658 2644 690 2676 8.
729 2640 830 2683 Quae
846 2643 968 2676 autem
984 2640 1090 2677 Corn.
1106 2652 1143 2686 p.
1162 2643 1215 2687 15,
1228 2645 1249 2677 4
1266 2640 1366 2686 dicit,
1383 2650 1426 2677 ea
1440 2640 1519 2686 ipse
1535 2641 1721 2677 addidisse
1736 2640 1899 2677 videtur:

405 2707 486 2733 nam
509 2697 600 2733 haec
624 2696 821 2742 explicatio
843 2699 984 2742 pugnat
1007 2706 1089 2732 cum
1111 2697 1168 2741 iis,
1192 2706 1287 2743 quae
1309 2707 1346 2742 p.
1364 2700 1418 2742 37,
1433 2699 1476 2733 14
1496 2696 1668 2743 leguntur
1689 2697 1753 2742 (de
1769 2695 1900 2742 quibus

404 2753 451 2790 cf.
474 2752 594 2799 infra).
628 2752 739 2790 Tales
761 2753 1079 2799 interpretationes
1102 2753 1355 2800 philosophiae
1379 2753 1427 2790 ad
1450 2753 1661 2800 disciplinas
1676 2753 1900 2800 pertinentes

404 2811 614 2847 auctoribus
631 2809 775 2847 Stoicae
803 2814 925 2846 sectae
949 2810 1106 2846 addictis
1129 2810 1239 2847 valde
1254 2809 1479 2855 placuerunt.
1516 2809 1570 2847 Cf.
1586 2809 1731 2848 Henel.
1747 2820 1781 2855 p.
1798 2812 1854 2856 49,
1867 2814 1897 2846 5.
