2096 3129
1649 159 1697 197 11

216 275 464 327 parenthesis
503 275 626 315 forma
660 275 765 316 haud
800 275 933 315 aliena
961 287 986 314 a
1012 274 1104 315 stilo
1134 273 1370 315 Cornutiano
1401 274 1470 325 (—
1503 267 1576 315 διὰ
1604 282 1700 314 στα-

216 338 339 393 τικὸς
368 342 443 384 καὶ
472 338 738 397 λυμαντικὸς
766 343 860 384 τῶν
887 339 1297 397 προσηρμοσμένων
1326 342 1408 391 -).

330 424 367 463 p.
392 412 459 461 42,
480 412 621 451 8—11
660 404 858 466 εὐλόγως
894 405 989 452 ὑπό
1023 423 1165 451 τινων
1192 407 1267 451 καὶ
1295 405 1493 464 μυκητὰς
1522 407 1701 464 εἴρηται,

216 479 294 536 τῆς
308 475 537 534 θαλάττης
550 475 651 520 τινὰ
666 479 878 520 τοιοῦτον
893 471 1003 535 ἦχον
1019 472 1335 532 ἀποτελούσης,
1352 469 1427 529 ἀφ’
1442 467 1496 518 οὗ
1510 475 1586 518 καὶ
1605 472 1702 533 ἠχή-

218 556 321 589 εσσα
350 545 425 588 καὶ
447 543 691 601 ἀγάστονος
709 545 783 588 καὶ
803 541 1139 598 πολύφλοισβος
1160 543 1342 600 λέγεται.
1387 546 1615 597 Complures
1639 545 1701 585 his

216 617 257 655 in
295 615 426 655 verbis
464 616 596 654 insunt
624 615 784 656 Cornuti
822 614 1008 654 sermonis
1045 616 1163 654 notae
1195 614 1442 653 verissimae:
1478 615 1700 664 genetivum

217 683 436 723 absolutum
454 683 559 734 apud
578 683 788 723 Cornutum
815 682 1105 721 usitatissimum
1130 693 1216 721 esse
1244 693 1360 732 supra
1387 694 1424 732 p.
1441 682 1465 719 6
1492 681 1559 731 (ad
1588 681 1701 722 Corn.

215 763 253 801 p.
274 752 312 804 8,
328 749 454 801 6-9)
473 750 672 799 adnotavi3
701 745 899 804 εὐλόγως
916 750 1062 799 legitur
1079 750 1121 788 in
1140 749 1276 788 eadem
1295 750 1442 800 pagina
1460 762 1496 788 V.
1517 750 1584 797 143
1609 749 1701 788 hinc

215 818 256 858 id
284 819 605 869 interpolatorem
630 818 824 869 quendam
844 817 1052 868 arripuisse
1070 829 1150 856 non
1170 829 1316 866 vereor,
1344 830 1395 857 ne
1415 818 1500 867 quis
1519 820 1702 857 autumet.

216 886 346 926 Etiam
382 877 456 938 ἀφ’
481 875 536 927 οὗ
565 886 839 927 Cornutianum
875 888 949 934 est,
984 884 1033 925 ef.
1056 897 1095 936 p.
1122 886 1158 933 2,
1175 885 1212 924 2.
1247 886 1313 934 37,
1335 886 1399 924 22.
1429 886 1494 934 38,
1511 886 1547 924 3.
1577 885 1642 934 60,
1661 886 1700 925 8.

219 955 284 1002 60,
304 954 370 1002 25,
400 955 465 1003 61,
489 955 523 992 1.
576 955 715 1003 Neque
749 954 886 1001 verba,
923 964 1022 1003 quae
1056 965 1092 991 v.
1117 953 1286 994 14—15
1325 955 1494 1000 exstant,
1531 953 1700 993 Cornuto

216 1021 443 1072 abroganda
469 1023 562 1072 puto
592 1032 688 1061 esse.
737 1021 1022 1061 Sententiarum
1042 1022 1168 1060 autem
1189 1020 1374 1060 decursus
1397 1021 1508 1059 uncis
1537 1021 1700 1060 sublatis

215 1090 306 1128 talis
341 1092 415 1136 est,
450 1090 577 1138 qualis
612 1090 835 1138 scrupulum
864 1100 943 1127 non
972 1091 1137 1130 moveat.
1184 1089 1322 1137 Neque
1352 1089 1454 1127 enim
1486 1089 1529 1126 in
1562 1100 1609 1127 eo
1642 1091 1701 1127 est

216 1155 497 1205 offendendum,
527 1156 633 1207 quod
650 1158 739 1207 post
758 1156 998 1196 enuntiatum
1017 1151 1392 1209 ἀποτελουμένων
1412 1150 1509 1196 ἐσθ’
1529 1148 1604 1196 ὅτε
1625 1153 1700 1196 καὶ

214 1220 486 1278 μυκημάτων
507 1220 621 1264 κατὰ
642 1218 725 1278 τὴν
744 1220 869 1277 ῥῆξιν
887 1225 1100 1272 insequitur
1120 1224 1345 1273 explanatio
1363 1224 1539 1272 Neptuni
1558 1235 1700 1271 cogno-

215 1291 328 1331 minis
356 1286 553 1346 μυκητάς
581 1303 661 1330 non
686 1302 707 1330 e
726 1293 854 1330 terrae
872 1293 988 1340 motu,
1018 1290 1087 1331 sed
1104 1290 1220 1330 maris
1240 1302 1262 1330 e
1282 1290 1492 1340 mugitione
1512 1289 1699 1330 derivata.

215 1360 428 1409 Aptissime
466 1370 559 1398 vero
597 1361 680 1398 tota
716 1359 961 1398 ratiocinatio
995 1360 1051 1397 ita
1079 1361 1302 1408 comparata
1331 1361 1405 1405 est,
1434 1361 1477 1396 ut
1506 1358 1699 1407 quomodo

215 1438 238 1466 e
267 1427 383 1466 maris
413 1427 621 1477 mugitione
647 1425 861 1477 expeditur,
891 1425 995 1476 quod
1017 1426 1220 1476 Neptunus
1244 1419 1439 1479 μυκητάς
1465 1425 1699 1476 appellatur,

215 1494 352 1534 eodem
391 1494 495 1544 qnod
534 1495 636 1533 tauri
673 1494 775 1544 nigri
814 1495 850 1533 ei
878 1494 1103 1533 immolandi
1132 1495 1238 1542 sunt,
1277 1505 1299 1532 e
1328 1494 1445 1532 maris
1474 1496 1514 1532 et
1542 1494 1697 1532 omnino

215 1573 340 1612 aquae
378 1563 511 1601 colore
550 1562 792 1612 explanatur.
860 1561 1038 1601 Ceterum
1076 1561 1251 1600 similiter
1287 1563 1405 1611 atque
1440 1560 1503 1600 hic
1532 1572 1569 1611 p.
1590 1560 1656 1609 41,
1672 1561 1697 1599 9

216 1641 302 1668 cum
346 1631 589 1679 etymologiis
633 1630 696 1668 dei
725 1630 993 1679 cognominum
1020 1630 1279 1678 victimarum,
1322 1641 1422 1678 quae
1451 1628 1524 1668 deo
1554 1628 1697 1667 deben-

214 1699 292 1746 tur,
345 1697 581 1736 enumeratio
633 1697 817 1747 copulata
864 1699 923 1736 est
967 1693 1032 1750 (cf.
1070 1687 1183 1737 ὅθεν
1226 1694 1301 1736 καὶ
1346 1689 1480 1744 ὄνους
1518 1708 1556 1735 κ.
1584 1709 1623 1736 τ.
1656 1696 1696 1736 λ.

214 1776 252 1814 p.
273 1764 338 1813 41,
356 1765 380 1802 9
410 1787 466 1793 -
495 1761 708 1805 ἐντεῦθεν
739 1761 786 1804 δὲ
821 1759 980 1816 ἔδοξαν
1008 1762 1082 1804 καὶ
1112 1763 1272 1817 ταῦροι
1303 1762 1425 1817 αὐτῷ
1454 1759 1698 1818 προσήκειν

214 1844 251 1881 p.
273 1832 338 1880 42,
356 1833 436 1881 11).

326 1911 363 1950 p.
384 1899 575 1950 43,1-2
605 1898 679 1940 καὶ
710 1891 848 1940 αὐτοῦ
879 1896 1070 1947 δέοντος.
1115 1899 1255 1938 Mutila
1283 1898 1463 1939 videntur
1494 1910 1579 1938 esse
1599 1898 1697 1939 haec

214 1968 350 2018 verba,
387 1980 514 2018 neque
551 1968 682 2016 video,
721 1980 798 2017 quo
836 1967 949 2008 modo
988 1968 1164 2018 suppleri
1191 1967 1360 2018 possint3
1400 1979 1533 2007 verum
1567 1970 1697 2007 tamen

214 2037 372 2086 propter
402 2033 582 2084 δέοντος
610 2046 731 2075 uncos
758 2034 955 2075 tollendos
984 2046 1069 2074 esse
1096 2046 1167 2086 pro
1197 2037 1301 2075 certo
1330 2034 1466 2075 habeo.

325 2116 364 2153 p.
383 2104 450 2151 43,
466 2103 611 2141 8—14
640 2098 780 2155 ἔχεταί
807 2115 931 2150 τινος
962 2095 1360 2156 ἀποκεκρυμμένου
1390 2097 1555 2155 ἐτύμου
1585 2098 1696 2155 αὐτή

213 2183 262 2212 τε
291 2169 365 2212 καὶ
395 2165 420 2212 ’ὁ
449 2168 618 2224 Τρίτων
648 2168 723 2211 καὶ
739 2163 1004 2225 Ἀμφιτρίτη,
1036 2167 1187 2211 ε’ίτουν
1215 2166 1548 2223 πλεονάζοντος
1567 2169 1650 2212 τοῦ
1671 2185 1697 2211 τ

215 2237 450 2291 στοιχείου,
486 2232 575 2278 ἀπὸ
611 2236 659 2278 δὲ
691 2238 768 2293 τῆς
803 2234 970 2291 ῥύσεως
998 2231 1153 2278 αὐτῶν
1183 2231 1326 2285 οὕτως
1355 2231 1696 2290 ὠνομασμένων,

216 2302 303 2345 εἴτε
337 2303 412 2345 καὶ
442 2296 546 2358 παρ’
577 2298 720 2359 ἄλλην
750 2301 909 2346 αἰτίαν.
969 2301 994 2345 ὁ
1026 2303 1074 2346 δὲ
1107 2303 1275 2359 Τρίτων
1305 2303 1519 2359 δίμορφος
1549 2298 1614 2345 ὢν
1643 2301 1696 2346 τὸ

213 2370 295 2424 μὲν
340 2368 425 2425 ἔχει
461 2371 593 2425 μέρος
630 2369 896 2426 ἀνθρώπου,
934 2368 987 2413 τὸ
1028 2371 1076 2413 δὲ
1113 2367 1294 2427 κήτους,
1332 2368 1483 2427 ἐπειδὴ
1525 2371 1600 2412 καὶ
1643 2369 1697 2413 τὸ

215 2436 445 2493 εἰρημένον
474 2434 614 2493 ὑγρὸν
643 2435 725 2495 τὴν
753 2438 834 2493 μὲν
862 2431 1146 2495 οὗφελητικὴν
1175 2436 1261 2493 ἔχει
1291 2435 1493 2493 δύναμιν,
1534 2435 1619 2494 τὴν
1650 2438 1698 2481 δὲ

214 2503 476 2561 βλαπτικήν.
523 2508 595 2547 His
622 2508 664 2547 in
691 2509 820 2548 verbis
849 2509 1068 2559 complures
1096 2509 1227 2548 insunt
1246 2509 1405 2549 Cornuti
1429 2508 1586 2548 dicendi
1605 2520 1697 2549 usus

214 2575 470 2625 proprietates
499 2588 626 2626 neque
650 2588 721 2615 eae
740 2568 898 2615 levioris
917 2577 1111 2615 momenti.
1158 2576 1305 2615 Eodem
1325 2577 1426 2615 enim
1445 2576 1561 2616 modo
1581 2579 1695 2626 atque

214 2641 279 2680 hic
306 2642 467 2681 verbum
496 2637 673 2694 ἔχεσθαι
702 2654 787 2682 cum
817 2644 998 2692 genetivo
1017 2644 1188 2682 iunctum
1206 2643 1351 2693 legitur
1369 2655 1407 2693 p.
1428 2643 1494 2692 41,
1510 2643 1548 2682 5.
1577 2644 1642 2692 44,
1658 2645 1695 2681 9.

214 2710 261 2748 In
289 2707 443 2747 deliciis
469 2720 562 2748 vero
591 2709 759 2749 Cornuto
788 2712 848 2749 est
877 2709 1005 2749 dicere
1034 2703 1178 2758 οὕτως
1197 2705 1519 2763 ω’νομασμένον
1537 2711 1696 2749 similia-

214 2787 299 2827 que.
357 2769 519 2829 ἔτυμον
546 2778 709 2817 recurrit
735 2789 772 2829 p.
796 2778 859 2827 19,
876 2779 912 2819 7.
943 2778 1007 2828 74,
1024 2779 1094 2826 21;
1122 2772 1272 2820 εἲτουν
1301 2775 1387 2819 εἴτε
1406 2791 1443 2830 p.
1465 2779 1530 2828 47,
1547 2779 1610 2827 20,
1627 2779 1695 2819 21.
