2096 3129
734 768 913 821 caput
945 767 1203 821 primum.

341 855 551 895 Cornutum
579 854 703 894 Persii
730 856 1022 904 praeceptorem
1050 851 1324 904 philosophum
1354 854 1393 891 et
1420 852 1711 902 grammaticum

227 921 441 961 Stoicorum
470 924 599 961 sectae
628 921 823 960 addictum
853 920 901 960 de
929 920 1132 970 theologia
1150 920 1301 959 Graeca
1330 919 1530 968 scripsisse
1560 921 1712 958 constat

227 988 464 1039 Theodoreti
493 988 711 1027 testimonio
741 987 940 1037 (Graecar.
969 988 1094 1026 affect.
1115 988 1233 1026 curat.
1253 987 1292 1024 H
1312 986 1364 1024 35
1394 997 1432 1036 p.
1453 975 1506 1023 '62
1526 985 1711 1035 Raeder):

229 1055 484 1110 Κορνοῦτος
514 1052 561 1097 δὲ
590 1052 619 1097 0‘
647 1050 895 1107 φιλόσοφος
913 1049 996 1110 τὴν
1012 1049 1277 1110 Ἑλληνικὴν
1296 1050 1542 1107 θεολογίαν
1562 1051 1711 1104 ξυντέ-

228 1124 365 1164 θεικε.
438 1123 569 1163 Oritur
617 1124 791 1173 quaestio
836 1122 1082 1171 difficillima,
1131 1125 1257 1161 utrum
1299 1121 1475 1169 libellus,
1520 1122 1587 1170 qui
1629 1121 1711 1159 eius

227 1192 381 1231 nomine
417 1190 548 1240 fertur,
584 1203 682 1242 opus
720 1191 928 1241 genuinum
966 1190 1018 1230 sit
1052 1203 1104 1230 an
1139 1191 1304 1241 epitome
1334 1190 1415 1229 sive
1445 1201 1494 1229 ex
1523 1189 1713 1239 ampliore

228 1258 388 1297 Cornuti
415 1259 536 1309 ipsius
564 1259 666 1297 libro
696 1259 778 1297 sive
807 1270 829 1297 e
858 1257 1120 1308 compluribus
1147 1257 1270 1305 libris,
1300 1257 1341 1295 in
1365 1256 1504 1305 quibus
1522 1256 1598 1294 ille
1617 1258 1713 1304 erat,

228 1325 415 1365 confecta.
474 1325 597 1373 Quam
625 1325 676 1364 ad
705 1326 968 1376 quaestionem
996 1323 1278 1375 profligandam
1306 1323 1408 1362 nihil
1436 1335 1458 1363 e
1486 1323 1713 1363 testimoniis

227 1392 466 1432 Theodoreti
510 1396 577 1431 aut
614 1393 877 1442 Etymologici
914 1392 1048 1442 Magni
1084 1393 1295 1439 lucramur;
1335 1402 1462 1440 neque
1501 1391 1603 1430 enim
1640 1402 1712 1441 pro

228 1463 334 1499 certo
363 1461 520 1510 probari
548 1462 676 1510 potest
705 1473 729 1499 a
748 1460 998 1500 Theodoreto
1027 1459 1143 1508 illud,
1172 1459 1276 1509 quod
1297 1462 1492 1499 servatum
1512 1461 1581 1507 est,
1611 1470 1713 1498 com-

227 1526 411 1576 pendium
440 1528 631 1577 intellegi,
667 1528 816 1567 etiamsi
843 1528 911 1566 vix
940 1527 1142 1577 quisquam
1170 1527 1373 1577 negaverit
1401 1527 1543 1575 verbis,
1574 1526 1713 1576 quibus

228 1595 356 1643 utitur,
392 1595 567 1634 similiter
596 1598 712 1644 atque
746 1596 809 1643 iis,
848 1607 949 1644 quae
977 1596 1019 1633 in
1047 1595 1318 1645 Etymologico
1347 1595 1490 1644 Magno
1519 1595 1713 1644 leguntur,

227 1662 513 1712 inscriptionem
542 1675 566 1700 a
585 1662 735 1712 Langio
754 1662 970 1702 restitutam
991 1661 1269 1712 comprehendi
1287 1673 1412 1712 posse.
1459 1662 1714 1711 Etymologus

227 1741 321 1768 vero
358 1730 523 1779 Magnus
562 1731 629 1780 qui
667 1730 806 1768 dicitur
842 1730 951 1769 testis
989 1733 1048 1769 est
1084 1731 1287 1778 recentior,
1327 1731 1435 1769 cuius
1477 1730 1714 1779 temporibus

227 1797 319 1836 talis
354 1797 519 1847 epitome
554 1797 629 1836 iam
665 1797 1014 1837 circumferebatur.
1024 1796 1055 1848 1)
1118 1796 1196 1837 Sed
1231 1797 1433 1847 quominus
1471 1796 1650 1836 libellum
1689 1808 1714 1835 a

229 1864 399 1903 Cornuto
434 1864 670 1914 philosopho
700 1865 829 1903 Stoico
865 1865 1020 1902 omnino
1056 1865 1225 1903 alienum
1261 1866 1301 1903 et
1328 1864 1533 1903 recentiori
1561 1863 1715 1903 cuidam

228 1931 477 1983 grammatico
522 1931 693 1971 eiusdem
731 1932 896 1972 nominis
935 1931 1178 1972 tribuendum
1217 1943 1303 1972 esse
1341 1943 1582 1981 censeamus,
1623 1931 1713 1971 ideo

228 1999 509 2050 praepedimur,
549 2000 670 2050 quod,
710 2011 810 2049 quae
844 1999 1103 2050 proferuntur,
1141 2000 1347 2039 maximam
1380 2002 1530 2051 partem
1559 2000 1714 2050 optimis

229 2069 268 2106 et
310 2067 506 2106 veteribus
546 2078 567 2106 e
606 2066 776 2106 fontibus
818 2066 958 2107 hausta
1005 2069 1111 2116 sunt,
1154 2066 1196 2106 id
1237 2066 1342 2118 quod
1384 2067 1425 2106 in
1468 2066 1620 2107 scholia
1663 2066 1714 2106 ad

228 2136 407 2178 Persium
442 2136 613 2184 aliaque,
657 2147 757 2184 quae
795 2135 965 2175 Cornuto
1008 2134 1109 2174 falso
1149 2135 1431 2183 adscribuntur,
1473 2147 1553 2174 non
1591 2147 1714 2185 aeque

229 2202 345 2242 cadit.
393 2202 536 2243 Verum
573 2204 703 2242 tamen
740 2214 827 2242 cum
865 2202 962 2243 haec
998 2203 1173 2254 quaestio
1207 2203 1434 2244 testimoniis
1474 2203 1714 2243 extrinsecus

229 2271 441 2321 adsumptis
470 2272 571 2311 solvi
598 2283 678 2310 non
705 2272 838 2321 possit,
865 2283 1025 2311 necesse
1054 2274 1114 2310 est
1140 2272 1270 2310 libelli
1297 2272 1470 2311 indolem
1495 2273 1714 2311 accuratius

229 2339 463 2379 examinare.

342 2405 476 2446 Ottoni
503 2406 605 2446 Jahn
614 2406 646 2456 ²)
675 2407 899 2446 Cornutiani
926 2406 1056 2445 libelli
1083 2407 1239 2446 indoles
1267 2407 1357 2446 talis
1386 2406 1590 2445 videbatur
1618 2418 1715 2455 esse,

230 2473 357 2523 qualis
395 2474 464 2513 vix
503 2474 729 2514 conveniret
765 2474 868 2514 libro
904 2486 928 2513 a
957 2473 1126 2514 Cornuto
1160 2475 1262 2525 ipso,
1300 2475 1384 2514 viro
1419 2474 1558 2514 eximie
1588 2474 1714 2523 docto,

343 2617 372 2662 ¹)
401 2616 457 2653 Cf.
481 2617 631 2664 Miinzel,
661 2618 717 2655 De
739 2616 957 2664 Apollodori
985 2618 1075 2665 περὶ
1098 2620 1204 2654 θεῶν
1226 2617 1338 2664 libris,
1368 2618 1511 2656 dissert.
1534 2619 1713 2656 Bonnens.

232 2676 329 2718 1883,
352 2684 389 2718 p.
405 2676 447 2708 25
460 2683 514 2719 sq.

341 2730 372 2775 ²)
394 2729 658 2777 Prolegomena
688 2731 736 2769 ad
765 2730 959 2769 editionem
982 2731 1098 2769 Persii
1120 2731 1240 2779 (1843)
1262 2731 1351 2768 XII:
1383 2731 1455 2769 hoc
1477 2732 1539 2770 vel
1563 2743 1583 2769 e
1606 2731 1714 2769 titulo

169 2817 172 2834 ἶ
230 2786 327 2824 effici
347 2789 470 2832 putat3
494 2787 651 2824 coniecit
673 2788 768 2824 enim
789 2799 857 2834 pro
883 2786 1067 2835 ἐπιδρομή
1088 2789 1322 2825 *scribendum
1347 2799 1427 2826 esse
1452 2785 1624 2834 ἐπιτομή.

1471 2857 1512 2893 1*
