2096 3129
426 184 480 223 44

423 298 578 338 indoles
606 311 685 338 non
715 299 836 349 possit
863 300 1043 350 perspici,
1074 301 1251 341 Bortzler
1281 301 1544 352 (Porphyrius’
1565 301 1711 341 Schrift
1739 314 1819 341 von
1839 301 1915 341 deu

425 365 726 415 Gotterbildern,
756 366 906 405 dissert.
924 366 1085 416 Erlang.
1104 368 1224 419 1903,
1253 381 1291 420 p.
1313 369 1366 407 30
1377 369 1478 420 sqq.)
1506 368 1687 419 probavit
1707 368 1913 409 Eusebium

425 435 496 473 etsi
515 437 636 473 totum
657 434 739 473 fere
755 434 962 484 Porphyrii
976 435 1117 473 librum
1133 436 1364 476 adumbrare
1379 438 1420 475 in
1435 437 1561 475 animo
1577 436 1766 484 habuerit,
1785 439 1914 474 tamen

424 502 633 552 ampliores
676 503 954 541 sententiarum
999 503 1119 542 series
1157 516 1284 554 paene
1322 505 1494 555 integras
1534 505 1772 554 excerpsisse
1810 503 1915 543 haud

425 571 558 609 multis
588 570 749 617 omissis,
779 571 912 619 paucis
937 571 1177 620 permutatis,
1204 584 1281 609 non
1307 573 1478 622 tetigisse
1496 571 1703 621 Porphyrii
1723 571 1916 610 scribendi

423 638 554 675 stilum
583 639 622 676 et
650 638 858 687 ingenium.
871 638 899 686 1)

538 705 615 744 Sed
656 706 797 744 dixerit
835 706 1024 755 quispiam
1063 706 1253 744 Macrobii
1297 707 1345 745 de
1386 708 1575 758 Apolline
1619 706 1914 756 disputationem

423 773 584 812 Cornuti
622 773 745 812 multo
782 773 1009 823 ampliorem
1040 785 1124 812 esse
1156 776 1194 812 et
1224 775 1475 823 ornatiorem,
1511 774 1561 813 ad
1591 773 1757 813 eundum
1787 776 1915 812 autem

421 840 566 880 fontem
595 840 858 880 revocandam
883 852 968 879 esse
993 842 1194 890 utramque
1225 844 1415 881 constare.
1464 841 1696 892 Respondeo
1726 852 1915 891 apparere

422 911 619 947 auctorem
654 909 993 959 Neoplatonicum,
1033 920 1146 959 quem
1182 909 1402 949 Macrobius
1431 911 1613 961 sequitur,
1649 909 1696 948 de
1726 909 1914 959 Apolline

422 976 511 1015 ideo
540 980 618 1014 tam
649 979 839 1024 accurate,
869 977 992 1015 multo
1022 977 1239 1016 accuratius
1269 989 1385 1027 quam
1411 978 1460 1016 de
1487 979 1638 1025 ceteris,
1665 989 1761 1027 quos
1780 977 1915 1027 tangit,

423 1043 482 1083 dis
512 1045 649 1094 egisse,
679 1044 784 1094 quod
812 1044 874 1083 illi
898 1044 974 1083 iam
1001 1045 1214 1095 antiquitus
1235 1047 1273 1084 et
1292 1045 1342 1084 ab
1362 1046 1517 1096 optimis
1537 1045 1755 1085 auctoribus
1775 1045 1914 1084 solaris

422 1114 561 1151 natura
594 1112 784 1161 tribuitur,
823 1124 939 1162 quam
973 1113 1056 1162 ipse
1095 1113 1271 1152 omnibus
1307 1112 1390 1152 fere
1429 1113 1488 1153 dis
1518 1113 1799 1163 adsignandam
1829 1124 1913 1152 esse

421 1181 588 1230 probare
617 1180 766 1220 studet:
796 1180 844 1220 cf.
875 1180 1044 1220 Macrob.
1070 1180 1157 1227 S.1‚
1176 1182 1227 1220 18
1257 1181 1355 1220 init:
1384 1181 1498 1221 Haec
1527 1193 1627 1230 quae
1656 1182 1703 1221 de
1729 1179 1916 1231 Apolline

424 1250 591 1288 divimus
620 1252 794 1298 posswnt
833 1250 951 1288 etiam
986 1249 1032 1287 de
1059 1248 1202 1288 Libero
1233 1250 1339 1288 diota
1369 1250 1592 1289 existimari.
1651 1249 1794 1289 Contra
1822 1249 1913 1288 Gor-

421 1318 536 1355 nutus
581 1316 629 1355 de
675 1316 851 1355 omnibus
890 1316 966 1365 dis,
1006 1328 1267 1366 quoscumque
1306 1317 1447 1366 tangit,
1491 1328 1617 1366 paene
1656 1316 1916 1366 aequabiliter

421 1384 513 1433 agit.
570 1384 620 1423 Et
659 1383 763 1433 quod
803 1384 932 1422 omisit
970 1384 1138 1422 omnium
1176 1384 1331 1422 testium
1370 1384 1542 1433 nomina,
1576 1383 1618 1422 id
1646 1386 1740 1434 puto
1770 1384 1913 1433 optime

422 1451 615 1500 quadrare
644 1452 685 1490 in
713 1452 854 1501 libelli,
884 1452 951 1501 qui
979 1452 1020 1489 in
1049 1451 1208 1491 scholae
1235 1463 1345 1490 usum
1372 1452 1612 1502 conscriptus
1633 1453 1701 1499 est,
1727 1451 1915 1489 rationem

423 1521 461 1557 et
489 1519 672 1558 indolem.

942 1725 1119 1779 caput
1155 1725 1408 1771 alterum.

535 1823 683 1870 Quodsi
712 1824 919 1872 quaeritur,
949 1824 1087 1873 quibus
1116 1836 1138 1863 e
1167 1824 1337 1862 fontibus
1358 1835 1415 1871 ea,
1445 1834 1547 1872 quae
1566 1822 1641 1861 hoc
1661 1823 1799 1861 libello
1820 1834 1911 1861 con-

421 1892 603 1938 tinentur,
624 1891 763 1930 hausta
777 1891 863 1939 sint,
883 1892 1105 1941 primarium
1120 1892 1249 1930 locum
1265 1894 1399 1930 tenere
1414 1889 1654 1940 Apollodori
1673 1887 1774 1942 περὶ
1790 1890 1915 1931 θεῶν

420 1960 542 1999 libros
571 1960 674 1998 inter
702 1960 806 1998 viros
836 1958 970 1999 doctos
990 1960 1067 1998 iam
1088 1962 1250 1999 constat.
1298 1960 1455 1998 Mnnzel
1475 1958 1588 2005 enim,
1618 1958 1696 2007 qui,
1727 1961 1912 2008 quantum

419 2027 525 2078 apud
554 2029 730 2076 posteros
760 2038 892 2065 eorum
921 2028 1130 2067 auctoritas
1161 2028 1345 2075 valuerit,
1373 2027 1520 2078 primus
1548 2026 1762 2075 perspexit,
1790 2029 1910 2065 totam

419 2095 502 2134 fere
550 2095 827 2134 Cornutianam
866 2095 914 2133 de
953 2096 1141 2144 Apolline
1187 2095 1487 2144 disputationem
1526 2096 1685 2143 propter
1723 2093 1915 2132 Heracliti

418 2163 618 2213 personati
672 2162 808 2211 capitis
838 2162 912 2200 VII
960 2166 999 2201 et
1046 2162 1234 2201 Macrobii
1278 2163 1331 2211 (S.
1356 2163 1386 2210 I,
1411 2161 1480 2210 17)
1525 2161 1816 2209 congruentiam
1862 2161 1913 2199 ad

419 2229 710 2280 Apollodorum
738 2229 998 2268 revocandam
1028 2241 1114 2269 esse
1144 2229 1292 2277 docuit,
1330 2240 1432 2279 quae
1460 2228 1684 2267 coniectura
1711 2228 1913 2277 ingeniosa

421 2300 460 2336 et
506 2297 687 2347 speciosa
734 2297 870 2336 mirum
920 2309 1035 2347 quam
1084 2297 1290 2348 splendide
1336 2309 1358 2335 e
1404 2294 1565 2335 scholiis
1620 2294 1911 2335 Genevensibus

421 2365 471 2403 ad
516 2365 557 2405 Φ
595 2363 819 2414 adscriptis,
872 2377 972 2414 quae
1017 2365 1244 2405 Hefermehl
1283 2366 1311 2403 1.
1340 2366 1369 2402 l.
1409 2375 1496 2401 cum
1540 2363 1623 2401 illis
1662 2364 1914 2413 scriptoribus

535 2476 563 2520 ¹)
588 2474 737 2520 Integra
767 2484 813 2510 ex
835 2474 931 2510 illius
954 2485 1066 2520 opere
1090 2475 1274 2520 exscripta
1296 2474 1466 2510 videntur
1489 2482 1583 2517 esse,
1614 2482 1708 2518 qnae
1731 2473 1913 2511 Eusebius

421 2531 568 2569 exhibet
597 2531 653 2567 111
677 2534 707 2576 7,
735 2533 765 2576 1,
782 2533 880 2566 2—4.
906 2534 937 2576 9,
959 2535 1053 2567 1—5.
1080 2534 1181 2577 11,1‚
1207 2534 1238 2576 5,
1262 2534 1386 2576 9—12,
1414 2532 1557 2572 15—16‚
1582 2532 1725 2566 22—29.
1757 2551 1802 2556 —
1828 2533 1912 2576 11,7

420 2588 623 2625 Eusebium
641 2587 834 2633 Porphyrii
857 2588 969 2624 verba
992 2589 1202 2625 decurtasse
1219 2587 1384 2624 Bortzler
1406 2586 1492 2622 inde
1508 2585 1660 2633 colligit,
1685 2587 1785 2632 quod
1800 2588 1917 2625 Vesta

420 2646 481 2682 hic
516 2656 589 2682 non
624 2644 750 2680 audiat
784 2641 1065 2691 κεντροφόρος,
1102 2645 1204 2690 quod
1233 2645 1271 2680 in
1304 2645 1413 2680 huius
1443 2643 1558 2689 partis
1589 2644 1781 2680 summario
1806 2647 1915 2688 11,15

419 2703 571 2749 legatur.
618 2702 791 2738 Fortasse
822 2701 930 2736 etiam
959 2705 1064 2747 11,13
1099 2701 1280 2748 quaedam
1312 2701 1453 2737 omisit:
1484 2710 1603 2746 neque
1635 2700 1730 2736 enim
1763 2701 1916 2747 Priapus

419 2758 564 2796 Baccha
587 2758 710 2805 Satyri
731 2760 938 2804 tanguntur,
962 2758 1026 2804 qui
1045 2761 1095 2803 11,
1113 2761 1243 2794 15-16
1260 2760 1594 2795 commemorantur.
1633 2757 1761 2804 Neque
1776 2758 1854 2794 scio
1871 2768 1915 2793 an

422 2819 474 2860 11,
493 2818 536 2851 29
561 2815 740 2860 quaedam
763 2814 966 2859 intercepta
988 2815 1069 2859 sint,
1100 2825 1183 2850 eum
1206 2813 1406 2860 particulae
1428 2808 1501 2857 μὲν
1523 2823 1596 2849 non
1618 2813 1840 2859 respondeat
1863 2810 1915 2849 δέ.
