2096 3129
408 168 463 206 88

407 281 604 320 nullorum
634 292 656 320 e
685 282 813 320 mente
842 280 966 320 dictas
996 293 1082 321 esse
1111 281 1373 322 contenderet.
1430 281 1613 332 Priapum
1643 283 1682 321 et
1706 275 1896 335 Ἀγαθὸν

409 346 606 403 Δαίμονα
642 349 818 390 similiter
847 348 981 388 mundi
1010 350 1190 399 symbola
1217 351 1505 401 interpretatur,
1542 350 1583 389 id
1612 349 1716 399 quod
1745 349 1895 389 Stoicos

408 416 513 466 apud
557 418 736 456 auctores
779 416 994 456 inauditum
1039 418 1148 467 est.¹)
1215 419 1352 467 Itaque
1395 417 1585 458 Cornutus
1628 419 1756 456 utrum
1793 415 1896 456 hanc

407 484 688 534 interpretandi
723 485 913 524 rationem
951 496 973 523 e
1012 483 1119 523 fonte
1153 484 1325 524 hauserit
1353 507 1409 514 —
1438 486 1519 524 sive
1549 497 1571 525 e
1598 485 1701 524 libro
1730 484 1895 535 quodam

408 551 538 590 Stoico
578 551 661 590 sive
689 551 925 602 Apollodori
966 563 1015 590 ex
1054 564 1185 602 opere,
1224 553 1331 592 cuius
1369 553 1536 603 vestigia
1573 564 1692 603 supra
1724 551 1897 591 indicavi

407 617 676 657 —diiudicari
718 619 870 668 nequit,
912 619 1141 668 praesertim
1186 631 1273 658 cum
1317 619 1415 659 haec
1464 631 1554 670 pars
1598 631 1677 658 non
1715 631 1739 657 a
1776 619 1895 658 verbo

408 683 669 738 νομίζουσιν
697 697 735 737 p.
756 685 822 733 48,
840 685 865 725 5
894 685 1077 737 pendeat.
1130 686 1208 726 Sed
1238 687 1334 726 satis
1364 687 1458 727 mihi
1487 687 1623 728 videor
1651 686 1795 727 dixisse
1822 686 1896 726 hac

408 753 458 793 de
487 754 714 804 quaestione
743 753 1028 804 difficillima.²)

521 833 712 874 Cornutus
750 845 788 884 p.
809 834 874 883 62,
891 833 1082 883 23-64,
1101 834 1151 872 17
1190 833 1238 874 de
1273 834 1443 875 Hercule
1479 835 1570 886 agit.
1634 834 1746 883 Quod
1780 837 1897 884 caput

406 902 474 940 vel
501 901 590 940 ideo
619 902 660 939 in
688 902 830 941 libello
860 902 1095 941 Cornutiano
1125 902 1360 952 singularem
1388 905 1495 941 tenet
1523 904 1663 951 locum,
1693 901 1797 952 quod
1826 902 1896 941 sub

407 968 522 1008 finem
575 981 718 1009 nomen
770 968 971 1010 Cleanthis
1025 970 1176 1019 citatur,
1230 971 1293 1010 cui
1340 983 1440 1020 quae
1493 971 1673 1010 Herculis
1719 971 1896 1009 laborum

407 1038 642 1087 placuerunt
690 1038 924 1087 allegoriae,
974 1038 1078 1087 quod
1128 1038 1241 1077 nimis
1290 1039 1471 1088 spinosae
1519 1039 1612 1088 sint,
1661 1050 1685 1076 a
1728 1037 1897 1077 Cornuto

407 1107 651 1155 respuuntur.
714 1105 761 1144 U.
791 1104 841 1144 de
860 1105 1123 1144 Wilamowitz
1153 1107 1228 1145 1.1.
1264 1107 1393 1145 omnia
1430 1105 1529 1155 fere,
1568 1118 1668 1157 quae
1706 1106 1897 1147 Cornutus

410 1174 600 1224 explicat,
630 1173 811 1213 Cleanthi
840 1173 1076 1213 vindicanda
1106 1185 1191 1213 esse
1220 1175 1369 1222 statuit3
1409 1186 1522 1225 quem
1552 1177 1704 1214 secutus
1732 1175 1897 1213 Ioannes

409 1241 459 1280 ab
488 1241 627 1280 Arnim
667 1243 788 1280 totum
822 1240 905 1280 fere
941 1244 1073 1291 caput,
1113 1242 1257 1293 quippe
1292 1253 1370 1292 quo
1400 1241 1600 1282 Cleanthis
1635 1241 1684 1281 de
1722 1242 1897 1282 tensione

410 1309 587 1349 doctrina
624 1309 852 1357 illustretur,
890 1310 933 1347 in
971 1310 1078 1348 illius
1113 1309 1331 1359 fragmenta
1365 1310 1512 1359 recepit
1541 1309 1602 1361 (fr.
1624 1309 1734 1358 514).
1790 1308 1897 1356 Quae

412 1377 604 1416 Cornutus
641 1389 680 1426 p.
703 1377 766 1424 63,
784 1377 833 1414 21
848 1387 931 1426 sqq.
971 1376 1019 1414 de
1057 1377 1229 1415 Hercule
1266 1377 1465 1426 sagittario
1504 1375 1673 1426 disserit,
1710 1376 1812 1416 hauc
1848 1376 1899 1416 ad

411 1443 626 1484 doctrinam
664 1443 802 1483 referri
840 1455 954 1494 posse
994 1444 1184 1483 videntur.
1193 1445 1224 1494 ³)
1295 1443 1372 1483 Sed
1400 1444 1516 1483 etiam
1546 1445 1786 1494 allegoriam,
1822 1456 1899 1494 qua

526 1600 553 1644 ¹)
578 1599 699 1645 Priapi
714 1598 867 1635 Panthei
889 1598 955 1644 vis,
980 1599 1039 1635 cui
1054 1598 1192 1635 aediles
1208 1598 1373 1635 coloniae
1388 1598 1503 1644 Apuli
1518 1609 1610 1636 anno
1626 1610 1661 1645 p.
1679 1600 1760 1636 Chr.
1776 1604 1898 1635 natum

411 1659 476 1692 235
501 1656 645 1692 titulum
668 1658 973 1692 consecraverunt
994 1655 1090 1698 (CIL
1108 1654 1163 1690 ΙΙΙ
1178 1656 1269 1700 119),
1294 1666 1376 1691 cum
1398 1656 1563 1700 notione,
1589 1666 1696 1702 quam
1719 1656 1899 1693 Cornutus

409 1713 462 1748 illi
492 1712 634 1755 tribuit,
665 1722 738 1747 non
770 1711 947 1757 congruit.
995 1712 1085 1747 Nam
1117 1711 1217 1747 aliud
1241 1715 1296 1748 est
1319 1722 1427 1747 unum
1452 1712 1560 1748 deum
1583 1711 1754 1748 universo
1777 1713 1898 1757 aequi-

409 1779 551 1814 perare,
583 1768 683 1804 aliud
714 1768 870 1804 omniurn
904 1767 1053 1803 deorum
1086 1768 1189 1812 quasi
1219 1777 1394 1803 summam
1425 1768 1531 1804 unius
1555 1768 1614 1804 dei
1636 1768 1780 1804 nomine
1803 1778 1899 1804 com-

409 1825 637 1871 prehendere
670 1824 731 1870 (cf.
761 1824 805 1861 G.
827 1823 1025 1869 Wissowa,
1057 1824 1177 1870 Relig.
1201 1835 1236 1860 u.
1260 1824 1360 1860 Kult.
1385 1824 1420 1860 d.
1445 1825 1550 1861 Rom.
1573 1836 1609 1870 p.
1627 1827 1680 1861 82.
1707 1828 1782 1861 177.
1807 1826 1898 1870 213).

410 1881 764 1927 Hendecasyllabos,
796 1881 929 1926 quibus
960 1880 1113 1926 Priapus
1145 1881 1304 1916 omnium
1336 1883 1438 1925 pater
1470 1880 1672 1916 celebratur
1695 1881 1788 1925 (CIL
1810 1881 1899 1917 XIV

411 1942 499 1974 3565
523 1953 569 1969 =
591 1937 805 1981 Buecheler,
837 1937 952 1973 Carm.
985 1937 1173 1982 epigraph.
1205 1937 1379 1982 nr.1504)
1409 1936 1452 1973 G.
1469 1936 1663 1982 Wissowa,
1695 1936 1795 1974 Gott.
1819 1937 1899 1974 Gel.

410 1993 500 2031 Anz.
520 1997 606 2031 1899
630 2005 682 2030 nr.
699 1998 718 2031 5
742 2005 779 2040 p.
796 1996 863 2030 415
886 1996 987 2029 recte
1010 1993 1048 2029 in
1070 1993 1315 2039 suspicionem
1337 1994 1495 2030 vocavit.
1533 1993 1576 2029 In
1591 1993 1726 2040 hymno
1742 1993 1898 2039 Orphico

411 2056 443 2098 6,
466 2055 487 2088 9
518 2052 749 2096 Protogonos
785 2050 864 2086 sive
903 2050 1044 2086 Phanes
1078 2049 1282 2095 appellatur
1316 2049 1489 2096 Πρίηπος
1521 2052 1626 2092 αναξ.
1681 2049 1734 2086 Cf.
1767 2050 1899 2086 Schoe-

410 2118 589 2154 mannum,
614 2118 739 2154 opusc.
764 2107 865 2144 acad.
882 2106 919 2143 11
941 2118 978 2153 p.
995 2109 1050 2143 83.
1074 2106 1158 2143 adn.
1175 2110 1230 2143 37.
1269 2106 1309 2143 Ο.
1325 2107 1426 2143 Kern
1449 2107 1486 2143 in
1509 2107 1745 2143 Genethliaco
1769 2107 1899 2144 Carolo
1953 2115 1958 2118 ’

410 2167 553 2203 Robert
576 2165 701 2202 oblato
725 2176 760 2210 p.
778 2168 831 2200 95.

525 2223 554 2265 2)
584 2221 713 2258 Mirum
745 2221 781 2257 in
808 2220 956 2257 modum
983 2220 1164 2257 Cornutus
1188 2231 1224 2266 p.
1239 2223 1350 2266 48,19
1379 2220 1562 2257 Atlantem
1590 2220 1686 2265 (sive
1712 2221 1898 2267 mundum)

410 2280 567 2316 Astraeo
592 2282 630 2315 et
644 2278 862 2314 Thaumanti
886 2277 1040 2313 eundem
1066 2287 1148 2313 esse
1170 2277 1368 2321 contendit,
1392 2277 1431 2312 id
1448 2277 1549 2322 quod
1565 2286 1611 2312 ex
1626 2277 1899 2323 insequentibus

410 2335 716 2382 explicationibus
739 2334 858 2371 lucem
884 2333 1063 2381 quandam
1087 2333 1230 2380 accipit.
1264 2333 1420 2370 Videtur
1443 2334 1537 2370 enim
1562 2334 1652 2370 haec
1675 2334 1766 2371 ratio
1791 2344 1812 2371 e
1836 2345 1899 2371 no-

410 2395 545 2430 minum
567 2391 926 2438 interpretationibus
950 2391 1113 2427 derivata
1137 2401 1237 2427 esse:
1260 2391 1316 2427 his
1341 2391 1436 2427 enim
1460 2386 1550 2426 οὔτε
1576 2387 1649 2437 γάρ
1670 2386 1830 2433 ἵσταται,
1853 2387 1899 2427 to*

412 2447 576 2486 συνόλον
596 2443 831 2495 ἂνηρὲμητος
846 2443 1030 2494 ὑπάρχων
1047 2447 1193 2483 Astraei
1208 2447 1361 2484 nominis
1377 2447 1449 2483 vim
1467 2447 1649 2493 designari
1664 2451 1827 2494 apertum
1843 2451 1902 2484 est

411 2506 546 2543 collato
562 2505 764 2551 veriloquio
780 2505 883 2541 vocis
897 2498 1019 2550 ἄστρα
1031 2515 1067 2550 p.
1082 2507 1112 2550 2,
1128 2507 1180 2539 15.
1216 2503 1305 2540 Cum
1318 2503 1440 2540 verbis
1453 2500 1903 2549 θαυμασμόν-ἐμποιεῖ

412 2564 460 2600 cf.
485 2563 600 2599 schol.
623 2562 671 2598 ad
694 2562 780 2598 Hes.
797 2561 938 2607 Theog.
962 2572 997 2597 v.
1015 2564 1091 2597 237.
1130 2561 1259 2606 Neque
1283 2564 1350 2606 est,
1374 2571 1438 2596 cur
1454 2571 1535 2596 cum
1551 2560 1694 2596 Osanno
1710 2565 1794 2597 ante
1809 2556 1900 2597 οὔτε

410 2620 577 2655 lacunam
607 2618 707 2654 hiare
738 2627 969 2653 censeamus:
1007 2616 1208 2662 respondet
1239 2617 1333 2652 enim
1364 2612 1456 2651 οὔτε
1487 2616 1687 2662 particulae
1718 2627 1772 2658 τε,
1807 2627 1900 2663 quae

411 2687 446 2712 v.
463 2679 482 2711 3
516 2678 648 2712 exstat.
707 2674 796 2711 Cum
832 2673 1020 2710 Pleiadum
1054 2673 1206 2710 nominis
1240 2672 1536 2719 interpretatione
1572 2672 1617 2709 cf.
1652 2673 1765 2712 schol.
1799 2672 1900 2710 Arat.

412 2745 447 2769 v.
464 2736 530 2768 254
553 2744 589 2777 p.
607 2735 671 2768 387
685 2732 732 2766 M.
778 2731 895 2767 Procl.
917 2730 966 2766 ad
989 2730 1075 2766 Hes.
1100 2729 1191 2775 Opp.
1216 2741 1250 2765 v.
1267 2732 1344 2765 382.
1390 2730 1494 2765 Eust.
1517 2740 1553 2774 p.
1572 2732 1671 2776 1155,
1686 2733 1741 2766 46.

524 2790 554 2835 ⁸)
579 2787 741 2834 Benigne
766 2787 813 2824 de
835 2786 904 2824 hac
927 2797 966 2823 re
990 2796 1048 2823 me
1072 2786 1199 2823 docuit
1221 2785 1372 2824 Carolus
1396 2785 1601 2822 Praechter.
