2096 3129
1596 158 1648 194 97

212 273 249 308 p.
265 265 320 308 62,
335 266 371 298 7:
405 260 453 298 τὰ
482 261 523 300 δὲ
548 260 738 308 θυμελικὰ
762 259 874 310 άκρο-
986 264 1041 301 lv
1056 267 1138 308 5‚4:
1162 259 1336 301 καθόλου
1361 264 1397 301 δὲ
1422 268 1557 301 τοῦτον
1572 268 1650 299 τῶν

169 315 297 362 άματα
333 314 402 354 τὸν
445 313 632 355 Διόνυσον
665 315 874 365 θεραπεύει
942 320 1160 364 θυμελικῶν
1175 314 1337 366 ἀγώνων
1353 320 1472 366 φασὶν
1488 314 1650 367 εὑρετήν

168 370 230 411 διὰ
274 370 343 420 τήν
388 371 486 422 πρὸς
529 371 598 417 τὰς
642 375 779 417 θαλίας
823 373 874 411 οἰ·
943 373 1134 422 γενέσθαι,
1156 375 1222 412 καὶ
1243 373 1392 424 θέατρα
1416 378 1648 420 καταδεῖξαι,

167 427 348 477 κειότητα
364 424 502 475 αὐτῶν,
526 424 609 467 οἷον
626 426 723 480 ᾠδῆς
739 430 805 468 καὶ
820 444 874 468 xc·
942 433 1008 469 καὶ
1053 435 1251 478 μουσικῶν
1297 426 1548 480 ἀκροαμάτων
1586 429 1648 470 σύ-

167 480 302 534 θάρας.
944 501 1067 535 στημα
1090 486 1341 534 ποιήσασθαι.

281 603 326 642 In
369 604 458 643 aliis
506 607 634 644 autem
676 605 868 645 Diodorus
916 609 956 645 et
997 606 1188 646 Cornutus
1230 606 1354 644 minus
1398 607 1650 645 consentiunt.

168 671 307 720 Neque
335 670 438 709 enim
467 671 672 721 quicquam
701 672 806 722 apud
833 672 945 711 illum
973 673 1127 723 legitur,
1156 671 1261 722 quod
1290 673 1506 723 comparari
1528 673 1650 723 possit

170 750 257 778 cum
290 737 511 787 thyrsorum
546 740 755 789 allegoria,
791 751 891 789 quae
931 741 1035 790 apud
1063 741 1272 780 Cornutum
1300 753 1338 790 p.
1359 742 1423 788 60,
1444 742 1468 778 6
1498 742 1652 789 legitur,

167 816 295 855 neque
324 804 474 845 ferulae
503 806 781 857 explicationes
810 809 1026 858 congruunt
1054 807 1119 859 (cf.
1148 806 1264 847 Diod.
1292 807 1346 847 IV
1366 807 1404 856 4,
1421 808 1472 859 7).

281 873 389 920 Quae
420 886 505 913 cum
534 875 589 913 ita
617 875 705 923 sint,
735 886 781 913 eo
811 876 1012 924 perducor,
1041 879 1084 914 ut
1102 876 1276 925 suspicer
1296 876 1504 915 Cornutum
1524 876 1649 914 simile

168 939 362 992 quoddam
398 941 666 993 compendium
701 941 1006 994 mythologicum
1041 944 1157 993 atque
1186 942 1396 983 Diodorum
1425 943 1649 994 inspexisse.

280 1077 490 1117 Nonnullis
533 1078 632 1117 locis
671 1078 915 1118 Cornutianis
952 1078 1105 1118 videtur
1142 1078 1362 1128 Philoxeni,
1410 1079 1651 1128 grammatici

167 1144 438 1192 Alexandrini,
468 1144 644 1183 doctrina
673 1145 840 1185 subesse.
887 1146 1063 1184 Nominis
1085 1141 1252 1198 Χάρων
1281 1145 1470 1183 derivatio
1501 1145 1549 1183 ab
1574 1146 1648 1183 illo

168 1212 210 1250 in
238 1211 405 1251 medium
433 1213 589 1262 prolata
618 1215 771 1251 servata
800 1215 859 1252 est
879 1212 982 1263 apud
1002 1212 1181 1252 Orionem
1201 1225 1238 1263 p.
1262 1212 1352 1261 165,
1372 1213 1438 1252 15:
1471 1208 1648 1264 Χάρων.

169 1273 291 1331 παρὰ
320 1273 402 1318 τὸν
426 1274 550 1332 χήσω
578 1277 811 1332 μέλλοντα,
843 1278 1061 1334 δηλοῦντα
1090 1274 1143 1320 τὸ
1170 1278 1316 1334 χωρῶ.
1362 1271 1484 1320 οὕτω
1517 1275 1650 1320 Φιλό-

169 1348 305 1397 ξενος.
362 1359 401 1397 p.
425 1346 584 1395 164,12
623 1347 720 1386 haec
758 1349 956 1397 leguntur:
1002 1343 1153 1400 Χώρα.
1192 1344 1219 1402 ἡ
1259 1345 1471 1400 κεχυμένη
1510 1346 1590 1401 γῆ“
1622 1340 1649 1401 ἢ

167 1408 291 1467 παρὰ
317 1409 370 1454 τὸ
397 1413 464 1466 χοῦ
492 1409 545 1454 τὸ
573 1414 716 1467 χωρῶ.
766 1415 944 1453 Alteram
972 1414 1107 1453 harum
1128 1415 1422 1464 originationum
1444 1415 1492 1452 ab
1513 1413 1649 1453 eodem

169 1480 340 1530 pendere
370 1482 584 1531 apparet.¹)
633 1482 726 1521 Cum
756 1481 816 1520 his
845 1481 1022 1521 conferas
1048 1493 1192 1531 quaeso
1211 1482 1468 1531 veriloquium
1488 1482 1651 1519 nominis

170 1547 392 1599 Charontis,
431 1548 536 1599 quod
574 1548 764 1589 Cornutus
801 1548 951 1600 profert
989 1549 1175 1600 (depingo
1215 1548 1391 1589 codicum
1428 1549 1651 1598 lectionem)

169 1628 206 1666 p.
229 1616 293 1666 74,
310 1617 380 1655 20:
411 1612 597 1657 δύναται
628 1614 675 1657 δὲ
703 1615 778 1657 καὶ
809 1610 897 1658 ἀπὸ
927 1617 1004 1673 τῆς
1030 1613 1177 1671 χώρας
1205 1610 1232 1672 ἢ
1261 1616 1345 1657 τοῦ
1371 1612 1579 1669 χανόάνω
1600 1610 1652 1657 τὸ

171 1679 335 1737 ἔτυμον
368 1679 491 1737 ἔχειν.
539 1686 679 1724 Nonne
708 1686 919 1724 verisimile
948 1688 1007 1724 est
1037 1685 1292 1735 etymologias
1321 1696 1459 1723 vocum
1488 1679 1651 1737 Χάρων

170 1754 209 1790 et
251 1748 376 1805 χώρα
420 1753 515 1791 olim
569 1753 925 1802 quomodocumque
968 1754 1193 1792 coniunctas
1241 1753 1452 1791 scribarum
1502 1752 1652 1790 incuria

169 1831 291 1870 prave
338 1820 517 1860 confusas
567 1821 682 1860 esse?
751 1821 930 1861 Fortasse
974 1822 1164 1861 Cornutus
1213 1820 1311 1860 haec
1353 1820 1436 1859 fere
1479 1820 1651 1870 scripsit:

172 1883 361 1927 δύναται
392 1886 439 1928 δὲ
467 1886 541 1928 καὶ
571 1882 722 1941 ὥσπερ
753 1886 779 1943 ἡ
805 1884 927 1941 χώρα
956 1884 1046 1928 ἀπὸ
1071 1888 1155 1928 τοῦ
1172 1888 1306 1940 χωρῶ
1323 1884 1424 1940 η”τοι
1443 1882 1651 1940 χανδάνω

171 1947 224 1993 τὸ
264 1949 426 2008 ἔτυμον
466 1949 593 2008 ἔχειν.
662 1955 774 2003 Quod
813 1959 949 1995 contra
987 1955 1303 1995 consuetudinem
1341 1955 1382 1993 in
1419 1966 1514 1994 voce
1550 1954 1651 1992 deri-

173 2022 303 2062 vanda
332 2036 411 2063 non
439 2024 598 2064 verbum
628 2024 855 2063 infinitivum
876 2024 979 2072 dicit,
1008 2024 1049 2063 id
1068 2023 1254 2063 facillime
1275 2037 1324 2062 ex
1344 2036 1389 2062 eo
1410 2024 1652 2073 explanatur,

172 2090 275 2140 quod
304 2090 560 2131 Philoxenum
595 2092 778 2142 sequitur.
835 2091 936 2131 Huic
971 2090 1202 2130 derivationi
1236 2093 1402 2141 cognata
1436 2091 1524 2129 sunt
1552 2089 1651 2128 veri-

171 2159 306 2207 loquia
334 2161 472 2198 vocum
503 2159 557 2213 γῆ
588 2163 627 2198 et
654 2155 795 2212 χθών,
825 2171 924 2209 quae
949 2171 988 2209 p.
1009 2160 1061 2198 53
1084 2162 1252 2198 exstant:
1282 2155 1392 2210 τάχα
1414 2154 1459 2197 δὲ
1478 2155 1505 2212 ἦ
1519 2153 1650 2208 χθών

173 2217 264 2267 α’πὸ
295 2227 381 2268 τοῦ
408 2229 584 2280 χεῖσθαι
613 2222 714 2281 ἤτοι
740 2233 903 2280 χωρεῖν
932 2223 1081 2268 πάντα
1111 2221 1292 2280 ἐκλήθη,
1323 2222 1384 2274 ὥς
1414 2223 1578 2278 εἴρηται
1599 2219 1650 2263 τὸ

173 2285 307 2342 οὐδὸς
357 2291 397 2335 δ’
439 2292 718 2349 ἀμφοτέρους
768 2289 844 2336 ὅδε
890 2293 1080 2348 χείσεται
1128 2296 1170 2343 (σ
1195 2296 1271 2343 17).
1349 2293 1507 2332 Constat
1550 2291 1648 2329 deri-

173 2361 368 2401 vationum
403 2364 539 2402 seriem
568 2363 634 2417 γῶ
664 2362 719 2417 γῆ
747 2362 811 2416 χῶ
837 2362 970 2416 χωρῶ
999 2358 1129 2416 χθών
1157 2361 1374 2401 Philoxeno
1410 2359 1650 2398 tribuendam

173 2429 315 2477 esse2):
345 2431 521 2471 conferas
551 2443 695 2481 quaeso
724 2432 784 2470 Et.
804 2432 853 2470 M.
882 2443 920 2481 p.
942 2430 1101 2479 229,51
1134 2430 1217 2483 Γῆ;
1253 2422 1379 2480 Παρὰ
1407 2424 1459 2467 τὸ
1490 2426 1569 2480 γῶ,
1599 2420 1651 2466 τὸ

171 2494 321 2548 χωρῶ,
354 2493 380 2551 ἡ
419 2495 571 2540 πάντα
596 2498 819 2553 χωροῦσα.
885 2498 1026 2540 Τοῦτο
1057 2495 1104 2540 δὲ
1132 2491 1252 2551 παρὰ
1280 2493 1332 2537 τὸ
1360 2495 1426 2549 χῶ
1455 2495 1547 2546 (...)
1577 2485 1654 2546 ἀφ’

286 2651 315 2696 ¹)
339 2651 394 2688 Of.
417 2653 462 2690 Η.
486 2655 533 2691 de
556 2655 690 2701 Kleist,
721 2655 778 2691 De
801 2653 990 2690 Philoxeni
1020 2652 1240 2698 grammatici
1263 2650 1497 2686 Alexandrini
1524 2649 1654 2686 studiis

173 2705 320 2752 etymol.
345 2707 501 2752 (dissert.
524 2711 729 2758 Gryphisw.
750 2712 849 2756 1865)
872 2721 908 2756 p.
925 2713 967 2745 25
980 2719 1061 2755 sqq.

285 2763 314 2808 2)
337 2763 593 2813 Reitzenstein,
618 2768 749 2804 Gesch.
774 2767 917 2804 Griech.
941 2767 1060 2811 Etym.
1084 2777 1119 2810 p.
1138 2768 1201 2800 179
1214 2774 1291 2809 sqq.
1320 2766 1383 2798 345
1397 2774 1452 2807 sq.

242 2830 318 2860 mu.
333 2830 406 2859 Hal.
424 2831 496 2860 XXI
520 2836 546 2863 1.
1430 2830 1452 2868 7
