2096 3129
378 153 428 191 16

373 266 580 316 adduntur,
610 265 881 305 offendendum
912 268 986 313 est3
1017 266 1187 306 eiusdem
1218 268 1319 306 enim
1349 268 1551 307 verborum
1572 266 1864 306 constructionis

373 334 592 384 exemplum
621 333 698 372 iam
726 344 764 383 p.
788 332 853 381 47,
873 333 924 373 10
953 333 1183 373 invenimus.

484 414 522 451 p.
543 401 607 448 58,
625 401 763 440 7--10
798 397 851 440 τὸ
892 398 1066 454 θερμὸν
1104 400 1244 443 αὐτοῦ
1286 402 1361 443 καὶ
1396 399 1655 454 πυρωτικόν
1693 401 1787 441 τῶν
1816 414 1862 441 τε

372 464 590 523 σωμάτων
619 466 693 509 καὶ
723 466 817 509 τοόν
847 467 1004 523 ψυχῶν
1032 465 1332 523 παριστάντος
1357 470 1440 512 τοῦ
1466 464 1620 524 μύθου
1645 492 1695 498 -
1718 462 1863 516 ὄντως

373 533 458 590 γὰρ
488 531 609 585 οἶνός
637 550 680 576 τι
701 536 811 590 πυρὶ
832 534 930 577 ἴσον
949 534 1082 590 μένος
1101 531 1186 590 ἔχει
1206 535 1322 579 κατὰ
1341 536 1447 586 τούς
1466 533 1663 592 ποιητάς,
1696 537 1862 575 11-14

375 601 446 645 διὰ
481 601 535 646 τὸ
574 602 876 646 πεπαίνεσθαι
916 602 990 645 καὶ
1019 604 1303 646 τελειοῦσθαι
1331 603 1415 647 τὸν
1445 600 1584 657 οἶνον,
1623 601 1661 646 εἰ
1690 601 1772 659 γὰρ
1801 601 1860 658 μὴ

371 668 607 722 πεφυκότα
645 678 852 725 γενναῖον
896 669 1246 725 ἀποτιθέμενον,
1286 667 1419 729 ἀτελῆ
1460 666 1499 714 δ’
1529 669 1591 722 οὖς
1629 669 1743 725 πρὸς
1780 669 1863 727 τὴν

368 738 526 794 χρῆσιν
547 737 906 792 συγκομισθέντα
927 735 1045 780 τάδε.
1095 739 1161 778 Ad
1178 752 1236 788 ea,
1257 752 1357 789 quae
1377 754 1415 791 p.
1433 742 1497 790 58,
1514 741 1651 779 7—10
1671 741 1863 790 leguntur,

371 807 420 845 ab
465 806 612 846 editore
656 806 756 846 falso
801 818 923 846 uncos
962 807 1158 846 adhibitos
1199 818 1283 846 esse
1322 811 1506 858 apparet:
1549 811 1722 847 tenemus
1761 808 1863 845 enim

303 903 305 906 .
371 874 592 923 genetivum
623 874 842 913 absolutum
863 874 1101 914 Cornutiano
1126 875 1167 912 in
1188 875 1330 914 libello
1352 876 1650 924 usitatissimum,
1679 877 1864 924 tenemus,

370 953 472 990 quae
509 942 573 980 illi
612 942 654 979 in
693 941 847 981 deliciis
887 944 962 989 est,
1006 941 1249 991 parenthesis
1288 943 1632 990 constructionem
1671 941 1865 980 vocabula

368 1011 498 1049 autem
544 1004 813 1063 παριστάναι
859 1012 898 1049 et
938 1003 1082 1057 ὄντως
1120 1009 1225 1060 apud
1268 1009 1479 1050 Cornutum
1523 1010 1723 1049 tritissima
1765 1011 1864 1049 sunt.

368 1078 422 1116 Iis
452 1080 596 1126 autem,
631 1089 732 1127 quae
763 1077 919 1117 codices
948 1089 984 1127 p.
1007 1077 1136 1125 58,11
1168 1077 1376 1127 praebent,
1406 1077 1732 1119 schmitt-Blank
1760 1077 1863 1116 idem

367 1143 450 1184 fere
495 1145 646 1184 etiamsi
681 1145 810 1184 verbis
844 1146 1005 1195 paulum
1040 1146 1196 1184 mutatis
1232 1144 1310 1184 dici
1347 1147 1480 1185 censet
1515 1148 1631 1195 atque
1668 1146 1863 1184 enuntiato

367 1212 604 1262 insequenti3
649 1224 769 1262 quare
815 1224 863 1251 ea
909 1225 933 1251 a
974 1214 1133 1262 legente
1177 1212 1344 1262 quodam
1387 1213 1429 1251 in
1470 1213 1644 1262 margine
1680 1212 1812 1251 addita
1841 1225 1864 1250 a

366 1279 530 1319 librario
561 1282 689 1318 autem
720 1279 887 1330 quodam
918 1280 959 1318 in
978 1279 1137 1319 Comuti
1166 1279 1371 1319 verborum
1402 1282 1624 1319 contextum
1643 1280 1760 1318 illata
1780 1291 1863 1319 esse

367 1347 524 1387 iudicat.
584 1347 662 1387 Sed
701 1359 787 1387 cum
825 1348 886 1387 vir
923 1347 1076 1397 doctus,
1115 1350 1158 1387 ut
1188 1347 1357 1396 adsolet,
1397 1350 1436 1387 et
1463 1346 1539 1387 hac
1568 1348 1609 1386 in
1639 1347 1863 1387 coniectura

368 1418 406 1454 et
442 1416 484 1453 in
518 1415 756 1454 resarciendi
789 1416 1000 1454 tentamine
1036 1415 1214 1454 codicum
1249 1428 1335 1464 gen.
1367 1428 1387 1454 ο
1424 1416 1633 1454 lectionem
1668 1417 1860 1465 sequatur,

365 1484 433 1522 vel
462 1483 551 1522 ideo
580 1494 741 1522 necesse
771 1485 830 1522 est
850 1483 934 1522 eius
954 1483 1326 1533 argumentationem
1346 1482 1517 1533 infringi.
1566 1484 1710 1522 Verum
1730 1485 1860 1521 tamen

368 1550 466 1589 adeo
505 1553 689 1600 corrupta
728 1553 766 1589 et
804 1551 942 1589 mutila
980 1553 1084 1599 sunt,
1125 1562 1225 1599 quae
1259 1551 1300 1588 in
1336 1550 1536 1589 codicibus
1564 1551 1712 1598 insunt,
1751 1552 1794 1587 ut
1821 1550 1862 1587 in

367 1617 595 1657 coniciendo
625 1629 784 1668 operam
814 1620 853 1656 et
882 1619 1008 1657 oleam
1039 1617 1258 1668 perdidisse
1288 1617 1381 1656 mihi
1410 1617 1556 1657 videar.
1605 1617 1708 1665 Quid
1736 1619 1863 1656 autem

369 1686 561 1725 Cornutus
609 1686 707 1724 velit
753 1687 819 1725 vel
871 1698 893 1724 e
941 1687 1092 1725 laciniis
1146 1686 1311 1724 misellis
1363 1686 1623 1737 intellegitur:
1677 1685 1860 1732 fabulam,

369 1765 446 1804 qua
474 1753 652 1793 Bacchus
689 1754 731 1792 in
759 1754 863 1792 Iovis
904 1753 1046 1793 femine
1085 1754 1235 1793 insutus
1271 1753 1498 1793 maturuisse
1534 1755 1731 1801 narratur,
1772 1752 1863 1791 inde

370 1822 545 1871 explicat
572 1822 722 1860 ratione
752 1822 920 1871 quadam
949 1821 1130 1872 physica,
1170 1821 1274 1872 quod
1302 1822 1433 1860 vinum
1462 1822 1495 1860 si
1523 1822 1564 1859 in
1595 1821 1738 1860 cellam
1768 1831 1860 1859 con-

367 1888 493 1935 datur,
531 1889 708 1928 mitescat
746 1891 785 1928 et
820 1890 932 1939 quasi
966 1889 1017 1928 ad
1054 1890 1311 1928 maturitatem
1347 1889 1559 1940 perveniat.
1571 1889 1600 1938 ¹)
1657 1889 1759 1927 Nam
1787 1899 1858 1938 pro

368 1959 475 1996 certo
518 1957 645 1996 habeo
689 1949 1019 2009 ἀποτιθέμενον
1058 1957 1108 1996 ad
1147 1958 1408 1997 accusativum
1448 1951 1576 1998 οἶνον
1614 1955 1859 1995 referendum

368 2037 464 2064 esse.
517 2026 603 2064 Nec
632 2037 726 2064 vero
756 2026 843 2064 ulla
869 2025 1116 2065 necessitudo
1147 2024 1355 2065 intercedit
1383 2026 1484 2064 inter
1512 2024 1615 2065 hanc
1645 2024 1858 2073 allegoriae

365 2094 554 2132 rationem
590 2095 629 2131 et
664 2104 765 2141 eam,
806 2104 905 2143 quae
940 2092 1082 2132 dehinc
1118 2094 1315 2133 enuntiato
1345 2090 1441 2134 ἐπεὶ
1470 2115 1526 2122 —-
1557 2090 1738 2140 δέοντος
1767 2102 1858 2131 cou-

366 2163 519 2201 tinetur.
576 2163 714 2211 Itaque
742 2162 783 2200 id
812 2165 931 2201 restat
959 2162 1166 2212 refugium,
1201 2166 1243 2201 ut
1272 2165 1362 2201 ante
1392 2159 1490 2203 ἐπεί
1519 2161 1710 2202 excidisse
1739 2162 1861 2199 statu-

368 2241 476 2268 amus
505 2221 544 2284 ἦ,
576 2229 639 2268 cui
668 2229 914 2268 coniecturae
943 2228 984 2268 id
1012 2229 1130 2278 favet,
1160 2229 1265 2280 quod
1291 2241 1370 2269 non
1388 2241 1478 2269 raro
1497 2230 1540 2268 in
1559 2228 1697 2268 libello
1718 2227 1861 2277 legitur

367 2289 396 2351 ἢ
433 2294 529 2337 ἐπεὶ
565 2298 649 2336 sive
685 2290 713 2351 ἢ
747 2293 917 2349 ἐπειδήε
959 2297 1007 2336 cf.
1041 2310 1079 2347 p.
1107 2299 1143 2345 6,
1161 2298 1196 2336 5.
1234 2297 1380 2346 3212.
1412 2298 1476 2346 51,
1492 2298 1530 2336 8.
1561 2297 1626 2345 53,
1647 2295 1687 2333 4.
1713 2317 1770 2324 —
1799 2295 1865 2345 44,

372 2364 440 2413 23,
460 2364 526 2403 24.
556 2365 621 2413 71,
641 2364 744 2414 14.²)

483 2498 512 2542 ¹)
543 2498 645 2534 Haec
675 2497 755 2534 fere
786 2497 910 2534 valent
940 2498 1053 2534 verba
1083 2496 1341 2534 πεπαίνεσθαι
1373 2499 1435 2534 καὶ
1468 2497 1730 2542 τελειοῦσθαι,
1766 2506 1860 2543 quae

366 2555 510 2600 seiungi
532 2558 735 2601 nequeunt;
759 2565 878 2600 neque
902 2558 943 2590 ut
966 2555 1252 2591 schmitt-Blank
1275 2555 1404 2601 voluit,
1428 2554 1578 2590 verbum
1603 2553 1861 2590 πεπαίνεσθαι

367 2611 498 2648 eadem
532 2611 570 2647 vi
604 2611 856 2658 accipiendum
893 2615 951 2647 est
985 2616 1097 2657 atque
1131 2622 1205 2648 vox
1239 2607 1430 2653 πέπανσις
1464 2614 1532 2655 τῆς
1568 2605 1724 2655 ὀπώρας
1752 2621 1788 2646 v.
1808 2614 1861 2647 15.

366 2667 540 2704 Fluctuat
569 2668 662 2704 euim
684 2668 804 2705 notio:
837 2668 924 2714 quin
947 2679 982 2714 p.
1000 2671 1054 2713 73,
1069 2671 1110 2705 18
1134 2667 1329 2715 participio
1360 2663 1607 2703 πεπανθέντα
1630 2664 1728 2703 fetus
1751 2666 1862 2713 signi-

366 2725 645 2828 &mgnum
670 2781 715 2818 ab
740 2781 882 2818 editore
906 2777 932 2828 ἤ
956 2784 1039 2818 ante
1062 2778 1146 2817 ἐπεὶ
1161 2792 1198 2828 p.
1215 2784 1270 2827 51,
1286 2784 1324 2817 21
1354 2780 1528 2817 insertum
1552 2781 1618 2816 est.
