<?xml version="1.0" encoding="UTF-8"?>
<!DOCTYPE html PUBLIC "-//W3C//DTD XHTML 1.0 Transitional//EN"
    "http://www.w3.org/TR/xhtml1/DTD/xhtml1-transitional.dtd">
<html xmlns="http://www.w3.org/1999/xhtml" xml:lang="en" lang="en">
 <head>
  <title>
</title>
<meta http-equiv="Content-Type" content="text/html;charset=utf-8" />
  <meta name='ocr-system' content='tesseract 3.04.00' />
  <meta name='ocr-capabilities' content='ocr_page ocr_carea ocr_par ocr_line ocrx_word'/>
</head>
<body>
  <div class='ocr_page' id='page_1' title='image "4738063_0093.png"; bbox 0 0 2096 3129; ppageno 0'>
   <div class='ocr_carea' id='block_1_1' title="bbox 371 168 426 206">
    <p class='ocr_par' dir='ltr' id='par_1_1' title="bbox 371 168 426 206">
     <span class='ocr_line' id='line_1_1' title="bbox 371 168 426 206; baseline 0 0"><span class='ocrx_word' id='word_1_1' title='bbox 371 168 426 206; x_wconf 86' lang='lat'><strong>74</strong></span> 
     </span>
    </p>
   </div>
   <div class='ocr_carea' id='block_1_2' title="bbox 368 275 1861 2567">
    <p class='ocr_par' dir='ltr' id='par_1_2' title="bbox 368 275 1859 403">
     <span class='ocr_line' id='line_1_2' title="bbox 371 275 1859 335; baseline 0.001 -16"><span class='ocrx_word' id='word_1_2' title='bbox 371 280 439 331; x_wconf 89' lang='lat' dir='ltr'><strong>qui</strong></span> <span class='ocrx_word' id='word_1_3' title='bbox 468 291 496 319; x_wconf 83' lang='lat' dir='ltr'><strong>s.</strong></span> <span class='ocrx_word' id='word_1_4' title='bbox 516 292 553 319; x_wconf 83' lang='lat' dir='ltr'><strong>v.</strong></span> <span class='ocrx_word' id='word_1_5' title='bbox 584 275 832 335; x_wconf 81' lang='grc' dir='ltr'><strong><em>σοιδηύδεις</em></strong></span> <span class='ocrx_word' id='word_1_6' title='bbox 862 280 1038 321; x_wconf 81' lang='lat' dir='ltr'><strong>adnotat:</strong></span> <span class='ocrx_word' id='word_1_7' title='bbox 1067 277 1236 335; x_wconf 82' lang='grc' dir='ltr'><strong><em>βάκχαι.</em></strong></span> <span class='ocrx_word' id='word_1_8' title='bbox 1266 276 1338 322; x_wconf 83' lang='grc' dir='ltr'><strong>διὰ</strong></span> <span class='ocrx_word' id='word_1_9' title='bbox 1367 275 1420 322; x_wconf 85' lang='grc' dir='ltr'><strong>τὸ</strong></span> <span class='ocrx_word' id='word_1_10' title='bbox 1451 279 1695 335; x_wconf 80' lang='grc' dir='ltr'><strong><em>σεσοῆσθαι</em></strong></span> <span class='ocrx_word' id='word_1_11' title='bbox 1725 277 1774 322; x_wconf 81' lang='grc' dir='ltr'><strong>ἐν</strong></span> <span class='ocrx_word' id='word_1_12' title='bbox 1793 280 1859 334; x_wconf 81' lang='grc' dir='ltr'><strong>τῷ</strong></span> 
     </span>
     <span class='ocr_line' id='line_1_3' title="bbox 368 343 1416 403; baseline 0 -15"><span class='ocrx_word' id='word_1_13' title='bbox 368 343 610 400; x_wconf 81' lang='grc' dir='ltr'><strong><em>βακχεύειν.</em></strong></span> <span class='ocrx_word' id='word_1_14' title='bbox 670 343 790 395; x_wconf 89' lang='grc' dir='ltr'><strong><em>Σόος</em></strong></span> <span class='ocrx_word' id='word_1_15' title='bbox 820 345 904 401; x_wconf 80' lang='grc' dir='ltr'><strong>γὰρ</strong></span> <span class='ocrx_word' id='word_1_16' title='bbox 934 345 961 403; x_wconf 87' lang='grc' dir='ltr'>ἡ</span> <span class='ocrx_word' id='word_1_17' title='bbox 993 345 1109 403; x_wconf 85' lang='grc' dir='ltr'>ὁρμὴ</span> <span class='ocrx_word' id='word_1_18' title='bbox 1137 347 1212 389; x_wconf 84' lang='grc' dir='ltr'><strong>καὶ</strong></span> <span class='ocrx_word' id='word_1_19' title='bbox 1243 345 1416 401; x_wconf 51' lang='grc' dir='ltr'>φοροῦ)</span> 
     </span>
    </p>

    <p class='ocr_par' dir='ltr' id='par_1_3' title="bbox 369 415 1860 1006">
     <span class='ocr_line' id='line_1_4' title="bbox 483 415 1859 466; baseline 0.001 -13"><span class='ocrx_word' id='word_1_20' title='bbox 483 415 676 454; x_wconf 78' lang='lat' dir='ltr'><strong>Cornutus</strong></span> <span class='ocrx_word' id='word_1_21' title='bbox 694 427 732 466; x_wconf 91' lang='lat' dir='ltr'><strong>p.</strong></span> <span class='ocrx_word' id='word_1_22' title='bbox 755 416 819 464; x_wconf 88' lang='lat'><strong>60,</strong></span> <span class='ocrx_word' id='word_1_23' title='bbox 834 416 887 453; x_wconf 79' lang='lat'><strong>20</strong></span> <span class='ocrx_word' id='word_1_24' title='bbox 904 427 987 465; x_wconf 89' lang='lat' dir='ltr'><strong>sqq.</strong></span> <span class='ocrx_word' id='word_1_25' title='bbox 1009 415 1159 456; x_wconf 87' lang='lat' dir='ltr'><strong>duabus</strong></span> <span class='ocrx_word' id='word_1_26' title='bbox 1179 416 1390 458; x_wconf 75' lang='lat' dir='ltr'><strong>rationibus</strong></span> <span class='ocrx_word' id='word_1_27' title='bbox 1410 427 1555 455; x_wconf 87' lang='lat' dir='ltr'><strong>morem</strong></span> <span class='ocrx_word' id='word_1_28' title='bbox 1577 416 1683 466; x_wconf 91' lang='lat' dir='ltr'><strong>capri</strong></span> <span class='ocrx_word' id='word_1_29' title='bbox 1703 415 1859 455; x_wconf 86' lang='lat' dir='ltr'><strong>Baccho</strong></span> 
     </span>
     <span class='ocr_line' id='line_1_5' title="bbox 369 482 1860 534; baseline 0.001 -14"><span class='ocrx_word' id='word_1_30' title='bbox 369 482 596 521; x_wconf 89' lang='lat' dir='ltr'><strong>immolandi</strong></span> <span class='ocrx_word' id='word_1_31' title='bbox 617 484 791 533; x_wconf 84' lang='lat' dir='ltr'><strong>exponit:</strong></span> <span class='ocrx_word' id='word_1_32' title='bbox 812 484 928 533; x_wconf 87' lang='lat' dir='ltr'><strong>prior,</strong></span> <span class='ocrx_word' id='word_1_33' title='bbox 949 495 1048 532; x_wconf 84' lang='lat' dir='ltr'><strong>quae</strong></span> <span class='ocrx_word' id='word_1_34' title='bbox 1068 496 1106 533; x_wconf 91' lang='lat' dir='ltr'><strong>p.</strong></span> <span class='ocrx_word' id='word_1_35' title='bbox 1128 485 1192 532; x_wconf 88' lang='lat'><strong>60,</strong></span> <span class='ocrx_word' id='word_1_36' title='bbox 1210 484 1376 522; x_wconf 78' lang='lat'>20-24</span> <span class='ocrx_word' id='word_1_37' title='bbox 1396 484 1639 534; x_wconf 77' lang='lat' dir='ltr'><strong>explanatur,</strong></span> <span class='ocrx_word' id='word_1_38' title='bbox 1659 484 1860 523; x_wconf 89' lang='lat' dir='ltr'><strong>notissima</strong></span> 
     </span>
     <span class='ocr_line' id='line_1_6' title="bbox 370 549 1858 602; baseline 0.001 -14"><span class='ocrx_word' id='word_1_39' title='bbox 370 553 409 589; x_wconf 86' lang='lat' dir='ltr'><strong>et</strong></span> <span class='ocrx_word' id='word_1_40' title='bbox 446 550 590 589; x_wconf 88' lang='lat' dir='ltr'><strong>usitata</strong></span> <span class='ocrx_word' id='word_1_41' title='bbox 629 555 687 589; x_wconf 90' lang='lat' dir='ltr'><strong>est</strong></span> <span class='ocrx_word' id='word_1_42' title='bbox 716 572 770 578; x_wconf 91' lang='lat'><strong>—-</strong></span> <span class='ocrx_word' id='word_1_43' title='bbox 806 550 855 590; x_wconf 89' lang='lat' dir='ltr'><strong>cf.</strong></span> <span class='ocrx_word' id='word_1_44' title='bbox 885 550 1000 590; x_wconf 87' lang='lat' dir='ltr'><strong>Ovid.</strong></span> <span class='ocrx_word' id='word_1_45' title='bbox 1030 550 1134 590; x_wconf 88' lang='lat' dir='ltr'><strong>Fast.</strong></span> <span class='ocrx_word' id='word_1_46' title='bbox 1160 551 1180 589; x_wconf 97' lang='lat' dir='ltr'>I</span> <span class='ocrx_word' id='word_1_47' title='bbox 1209 563 1246 590; x_wconf 82' lang='lat' dir='ltr'><strong>v,</strong></span> <span class='ocrx_word' id='word_1_48' title='bbox 1267 551 1349 591; x_wconf 83' lang='lat'><strong>350</strong></span> <span class='ocrx_word' id='word_1_49' title='bbox 1365 563 1448 602; x_wconf 93' lang='lat' dir='ltr'><strong>sqq.</strong></span> <span class='ocrx_word' id='word_1_50' title='bbox 1475 573 1531 580; x_wconf 87' lang='lat'><strong>—-</strong></span> <span class='ocrx_word' id='word_1_51' title='bbox 1560 549 1730 600; x_wconf 89' lang='lat' dir='ltr'><strong>Didymo</strong></span> <span class='ocrx_word' id='word_1_52' title='bbox 1765 562 1858 590; x_wconf 87' lang='lat' dir='ltr'><strong>vero</strong></span> 
     </span>
     <span class='ocr_line' id='line_1_7' title="bbox 370 617 1860 669; baseline 0.001 -14"><span class='ocrx_word' id='word_1_53' title='bbox 370 620 528 656; x_wconf 84' lang='lat' dir='ltr'><strong>auctore</strong></span> <span class='ocrx_word' id='word_1_54' title='bbox 558 617 691 656; x_wconf 87' lang='lat' dir='ltr'><strong>addito</strong></span> <span class='ocrx_word' id='word_1_55' title='bbox 721 618 886 656; x_wconf 80' lang='lat' dir='ltr'><strong>recurrit</strong></span> <span class='ocrx_word' id='word_1_56' title='bbox 913 619 955 656; x_wconf 90' lang='lat' dir='ltr'><strong>in</strong></span> <span class='ocrx_word' id='word_1_57' title='bbox 984 618 1135 657; x_wconf 86' lang='lat' dir='ltr'><strong>scholio</strong></span> <span class='ocrx_word' id='word_1_58' title='bbox 1166 618 1216 656; x_wconf 88' lang='lat' dir='ltr'><strong>ad</strong></span> <span class='ocrx_word' id='word_1_59' title='bbox 1245 618 1445 669; x_wconf 87' lang='lat' dir='ltr'><strong>Aristoph.</strong></span> <span class='ocrx_word' id='word_1_60' title='bbox 1474 619 1575 659; x_wconf 88' lang='lat' dir='ltr'><strong>Plut.</strong></span> <span class='ocrx_word' id='word_1_61' title='bbox 1601 619 1763 656; x_wconf 81' lang='lat' dir='ltr'><strong>v.1129</strong></span> <span class='ocrx_word' id='word_1_62' title='bbox 1794 617 1860 667; x_wconf 86' lang='lat' dir='ltr'><strong>(cf.</strong></span> 
     </span>
     <span class='ocr_line' id='line_1_8' title="bbox 369 681 1859 738; baseline 0.001 -16"><span class='ocrx_word' id='word_1_63' title='bbox 369 684 467 733; x_wconf 88' lang='lat' dir='ltr'><strong>Lyd.</strong></span> <span class='ocrx_word' id='word_1_64' title='bbox 499 684 547 723; x_wconf 91' lang='lat' dir='ltr'><strong>de</strong></span> <span class='ocrx_word' id='word_1_65' title='bbox 576 696 695 723; x_wconf 90' lang='lat' dir='ltr'><strong>mens.</strong></span> <span class='ocrx_word' id='word_1_66' title='bbox 720 697 758 735; x_wconf 88' lang='lat' dir='ltr'><strong>p.</strong></span> <span class='ocrx_word' id='word_1_67' title='bbox 782 685 873 731; x_wconf 88' lang='lat'>174,</span> <span class='ocrx_word' id='word_1_68' title='bbox 893 686 960 733; x_wconf 82' lang='lat'><strong>123</strong></span> <span class='ocrx_word' id='word_1_69' title='bbox 990 685 1093 724; x_wconf 89' lang='lat' dir='ltr'><strong>Suid.</strong></span> <span class='ocrx_word' id='word_1_70' title='bbox 1114 697 1143 724; x_wconf 93' lang='lat' dir='ltr'><strong>s.</strong></span> <span class='ocrx_word' id='word_1_71' title='bbox 1163 698 1200 724; x_wconf 76' lang='lat' dir='ltr'><strong>v,</strong></span> <span class='ocrx_word' id='word_1_72' title='bbox 1220 681 1556 738; x_wconf 81' lang='grc' dir='ltr'><em>α’σκωλιασμός);</em></span> <span class='ocrx_word' id='word_1_73' title='bbox 1586 686 1712 724; x_wconf 88' lang='lat' dir='ltr'><strong>altera</strong></span> <span class='ocrx_word' id='word_1_74' title='bbox 1732 687 1859 724; x_wconf 88' lang='lat' dir='ltr'><strong>autem</strong></span> 
     </span>
     <span class='ocr_line' id='line_1_9' title="bbox 369 752 1860 802; baseline 0.001 -12"><span class='ocrx_word' id='word_1_75' title='bbox 369 763 461 790; x_wconf 85' lang='lat' dir='ltr'><strong>vere</strong></span> <span class='ocrx_word' id='word_1_76' title='bbox 488 752 761 802; x_wconf 88' lang='lat' dir='ltr'><strong>Apollodorea</strong></span> <span class='ocrx_word' id='word_1_77' title='bbox 789 755 866 791; x_wconf 85' lang='lat' dir='ltr'><strong>est:</strong></span> <span class='ocrx_word' id='word_1_78' title='bbox 897 752 1032 791; x_wconf 85' lang='lat' dir='ltr'><strong>eadem</strong></span> <span class='ocrx_word' id='word_1_79' title='bbox 1064 753 1167 790; x_wconf 89' lang='lat' dir='ltr'><strong>enim</strong></span> <span class='ocrx_word' id='word_1_80' title='bbox 1196 764 1287 790; x_wconf 88' lang='lat' dir='ltr'><strong>usus</strong></span> <span class='ocrx_word' id='word_1_81' title='bbox 1317 754 1589 802; x_wconf 85' lang='lat' dir='ltr'><strong>grammaticus</strong></span> <span class='ocrx_word' id='word_1_82' title='bbox 1610 752 1860 791; x_wconf 78' lang='lat' dir='ltr'><strong>Atheniensis</strong></span> 
     </span>
     <span class='ocr_line' id='line_1_10' title="bbox 371 819 1859 871; baseline 0 -13"><span class='ocrx_word' id='word_1_83' title='bbox 371 820 590 859; x_wconf 79' lang='lat' dir='ltr'><strong>columbam</strong></span> <span class='ocrx_word' id='word_1_84' title='bbox 628 820 772 859; x_wconf 90' lang='lat' dir='ltr'><strong>Veneri</strong></span> <span class='ocrx_word' id='word_1_85' title='bbox 811 820 1020 859; x_wconf 87' lang='lat' dir='ltr'><strong>convenire</strong></span> <span class='ocrx_word' id='word_1_86' title='bbox 1061 820 1191 859; x_wconf 88' lang='lat' dir='ltr'><strong>docuit</strong></span> <span class='ocrx_word' id='word_1_87' title='bbox 1226 819 1294 871; x_wconf 87' lang='lat' dir='ltr'><strong>(cf.</strong></span> <span class='ocrx_word' id='word_1_88' title='bbox 1324 831 1442 871; x_wconf 88' lang='lat' dir='ltr'><strong>supra</strong></span> <span class='ocrx_word' id='word_1_89' title='bbox 1470 833 1506 871; x_wconf 90' lang='lat' dir='ltr'><strong>p.</strong></span> <span class='ocrx_word' id='word_1_90' title='bbox 1530 820 1610 871; x_wconf 88' lang='lat'><strong>65).</strong></span> <span class='ocrx_word' id='word_1_91' title='bbox 1678 820 1772 861; x_wconf 86' lang='lat' dir='ltr'><strong>Cum</strong></span> <span class='ocrx_word' id='word_1_92' title='bbox 1812 820 1859 859; x_wconf 90' lang='lat' dir='ltr'><strong>iis</strong></span> 
     </span>
     <span class='ocr_line' id='line_1_11' title="bbox 370 882 1859 939; baseline 0 -13"><span class='ocrx_word' id='word_1_93' title='bbox 370 891 509 936; x_wconf 87' lang='lat' dir='ltr'><strong>autem,</strong></span> <span class='ocrx_word' id='word_1_94' title='bbox 540 899 639 937; x_wconf 89' lang='lat' dir='ltr'><strong>quae</strong></span> <span class='ocrx_word' id='word_1_95' title='bbox 669 900 706 937; x_wconf 91' lang='lat' dir='ltr'><strong>p.</strong></span> <span class='ocrx_word' id='word_1_96' title='bbox 729 889 794 936; x_wconf 89' lang='lat'><strong>61,</strong></span> <span class='ocrx_word' id='word_1_97' title='bbox 812 888 922 926; x_wconf 87' lang='lat'><strong>3-4</strong></span> <span class='ocrx_word' id='word_1_98' title='bbox 951 889 1146 938; x_wconf 89' lang='lat' dir='ltr'><strong>leguntur,</strong></span> <span class='ocrx_word' id='word_1_99' title='bbox 1186 889 1294 927; x_wconf 88' lang='lat' dir='ltr'><strong>iuvat</strong></span> <span class='ocrx_word' id='word_1_100' title='bbox 1323 900 1549 938; x_wconf 88' lang='lat' dir='ltr'><strong>comparare</strong></span> <span class='ocrx_word' id='word_1_101' title='bbox 1578 882 1859 939; x_wconf 81' lang='lat' dir='ltr'><strong>Apollodorea,</strong></span> 
     </span>
     <span class='ocr_line' id='line_1_12' title="bbox 371 956 1007 1006; baseline 0 -12"><span class='ocrx_word' id='word_1_102' title='bbox 371 968 472 1005; x_wconf 82' lang='lat' dir='ltr'><strong>quae</strong></span> <span class='ocrx_word' id='word_1_103' title='bbox 502 968 540 1006; x_wconf 91' lang='lat' dir='ltr'><strong>p.</strong></span> <span class='ocrx_word' id='word_1_104' title='bbox 560 956 627 1004; x_wconf 89' lang='lat'><strong>45,</strong></span> <span class='ocrx_word' id='word_1_105' title='bbox 646 956 811 994; x_wconf 83' lang='lat'>12—15</span> <span class='ocrx_word' id='word_1_106' title='bbox 843 959 1007 995; x_wconf 88' lang='lat' dir='ltr'><strong>exstant.</strong></span> 
     </span>
    </p>

    <p class='ocr_par' dir='ltr' id='par_1_4' title="bbox 369 1023 1861 1681">
     <span class='ocr_line' id='line_1_13' title="bbox 483 1023 1861 1074; baseline 0 -12"><span class='ocrx_word' id='word_1_107' title='bbox 483 1024 674 1062; x_wconf 87' lang='lat' dir='ltr'><strong>Revertor</strong></span> <span class='ocrx_word' id='word_1_108' title='bbox 703 1023 753 1062; x_wconf 88' lang='lat' dir='ltr'><strong>ad</strong></span> <span class='ocrx_word' id='word_1_109' title='bbox 783 1024 919 1074; x_wconf 86' lang='lat' dir='ltr'><strong>capitis</strong></span> <span class='ocrx_word' id='word_1_110' title='bbox 948 1024 1117 1072; x_wconf 88' lang='lat' dir='ltr'><strong>initium,</strong></span> <span class='ocrx_word' id='word_1_111' title='bbox 1153 1035 1229 1074; x_wconf 93' lang='lat' dir='ltr'><strong>quo</strong></span> <span class='ocrx_word' id='word_1_112' title='bbox 1259 1023 1449 1063; x_wconf 84' lang='lat' dir='ltr'><strong>Cornutus</strong></span> <span class='ocrx_word' id='word_1_113' title='bbox 1480 1025 1699 1074; x_wconf 83' lang='lat' dir='ltr'><strong>complures</strong></span> <span class='ocrx_word' id='word_1_114' title='bbox 1728 1024 1861 1063; x_wconf 85' lang='lat' dir='ltr'><strong>Liberi</strong></span> 
     </span>
     <span class='ocr_line' id='line_1_14' title="bbox 370 1091 1860 1142; baseline 0.001 -13"><span class='ocrx_word' id='word_1_115' title='bbox 370 1092 491 1141; x_wconf 88' lang='lat' dir='ltr'><strong>patris</strong></span> <span class='ocrx_word' id='word_1_116' title='bbox 529 1092 695 1130; x_wconf 89' lang='lat' dir='ltr'><strong>nominis</strong></span> <span class='ocrx_word' id='word_1_117' title='bbox 736 1092 1074 1141; x_wconf 80' lang='lat' dir='ltr'><strong>interpretationes</strong></span> <span class='ocrx_word' id='word_1_118' title='bbox 1115 1093 1287 1142; x_wconf 80' lang='lat' dir='ltr'><strong>praebet.</strong></span> <span class='ocrx_word' id='word_1_119' title='bbox 1344 1092 1438 1132; x_wconf 84' lang='lat' dir='ltr'><strong>Cum</strong></span> <span class='ocrx_word' id='word_1_120' title='bbox 1474 1092 1565 1131; x_wconf 89' lang='lat' dir='ltr'><strong>aliis</strong></span> <span class='ocrx_word' id='word_1_121' title='bbox 1600 1092 1641 1130; x_wconf 92' lang='lat' dir='ltr'><strong>in</strong></span> <span class='ocrx_word' id='word_1_122' title='bbox 1671 1091 1860 1142; x_wconf 84' lang='lat' dir='ltr'><strong>capitibus</strong></span> 
     </span>
     <span class='ocr_line' id='line_1_15' title="bbox 370 1158 1860 1209; baseline 0 -12"><span class='ocrx_word' id='word_1_123' title='bbox 370 1160 574 1209; x_wconf 90' lang='lat' dir='ltr'><strong>probatum</strong></span> <span class='ocrx_word' id='word_1_124' title='bbox 604 1159 654 1197; x_wconf 90' lang='lat' dir='ltr'><strong>sit</strong></span> <span class='ocrx_word' id='word_1_125' title='bbox 682 1159 723 1197; x_wconf 91' lang='lat' dir='ltr'><strong>in</strong></span> <span class='ocrx_word' id='word_1_126' title='bbox 753 1158 816 1197; x_wconf 89' lang='lat' dir='ltr'><strong>dei</strong></span> <span class='ocrx_word' id='word_1_127' title='bbox 846 1160 1012 1198; x_wconf 89' lang='lat' dir='ltr'><strong>nominis</strong></span> <span class='ocrx_word' id='word_1_128' title='bbox 1032 1159 1359 1209; x_wconf 84' lang='lat' dir='ltr'><strong>explicationibus</strong></span> <span class='ocrx_word' id='word_1_129' title='bbox 1378 1159 1649 1209; x_wconf 86' lang='lat' dir='ltr'><strong>Apollodorea</strong></span> <span class='ocrx_word' id='word_1_130' title='bbox 1670 1158 1860 1208; x_wconf 87' lang='lat' dir='ltr'><strong>quaedam</strong></span> 
     </span>
     <span class='ocr_line' id='line_1_16' title="bbox 369 1224 1860 1274; baseline 0.001 -11"><span class='ocrx_word' id='word_1_131' title='bbox 369 1226 512 1273; x_wconf 88' lang='lat' dir='ltr'><strong>latere,</strong></span> <span class='ocrx_word' id='word_1_132' title='bbox 566 1237 614 1264; x_wconf 85' lang='lat' dir='ltr'><strong>ex</strong></span> <span class='ocrx_word' id='word_1_133' title='bbox 664 1224 725 1264; x_wconf 89' lang='lat' dir='ltr'><strong>his</strong></span> <span class='ocrx_word' id='word_1_134' title='bbox 776 1237 930 1274; x_wconf 91' lang='lat' dir='ltr'><strong>quoque</strong></span> <span class='ocrx_word' id='word_1_135' title='bbox 978 1226 1172 1264; x_wconf 90' lang='lat' dir='ltr'><strong>nonnulla</strong></span> <span class='ocrx_word' id='word_1_136' title='bbox 1219 1226 1332 1264; x_wconf 89' lang='lat' dir='ltr'><strong>illum</strong></span> <span class='ocrx_word' id='word_1_137' title='bbox 1375 1226 1426 1264; x_wconf 88' lang='lat' dir='ltr'><strong>ad</strong></span> <span class='ocrx_word' id='word_1_138' title='bbox 1476 1225 1621 1264; x_wconf 86' lang='lat' dir='ltr'><strong>fontem</strong></span> <span class='ocrx_word' id='word_1_139' title='bbox 1664 1225 1860 1265; x_wconf 88' lang='lat' dir='ltr'><strong>recedunt.</strong></span> 
     </span>
     <span class='ocr_line' id='line_1_17' title="bbox 371 1292 1858 1343; baseline 0.001 -13"><span class='ocrx_word' id='word_1_140' title='bbox 371 1293 544 1331; x_wconf 88' lang='lat' dir='ltr'><strong>Similem</strong></span> <span class='ocrx_word' id='word_1_141' title='bbox 584 1292 653 1331; x_wconf 90' lang='lat' dir='ltr'><strong>sed</strong></span> <span class='ocrx_word' id='word_1_142' title='bbox 698 1293 924 1343; x_wconf 88' lang='lat' dir='ltr'><strong>ampliorem</strong></span> <span class='ocrx_word' id='word_1_143' title='bbox 968 1293 1107 1331; x_wconf 90' lang='lat' dir='ltr'><strong>seriem</strong></span> <span class='ocrx_word' id='word_1_144' title='bbox 1153 1293 1409 1343; x_wconf 87' lang='lat' dir='ltr'><strong>complurium</strong></span> <span class='ocrx_word' id='word_1_145' title='bbox 1446 1293 1699 1343; x_wconf 84' lang='lat' dir='ltr'><strong>posteriorum</strong></span> <span class='ocrx_word' id='word_1_146' title='bbox 1739 1293 1858 1343; x_wconf 88' lang='lat' dir='ltr'><strong>scrip-</strong></span> 
     </span>
     <span class='ocr_line' id='line_1_18' title="bbox 371 1360 1860 1412; baseline 0 -13"><span class='ocrx_word' id='word_1_147' title='bbox 371 1363 496 1399; x_wconf 88' lang='lat' dir='ltr'><strong>torum</strong></span> <span class='ocrx_word' id='word_1_148' title='bbox 533 1360 751 1399; x_wconf 88' lang='lat' dir='ltr'><strong>nominibus</strong></span> <span class='ocrx_word' id='word_1_149' title='bbox 785 1360 992 1411; x_wconf 88' lang='lat' dir='ltr'><strong>adscriptis</strong></span> <span class='ocrx_word' id='word_1_150' title='bbox 1021 1360 1268 1400; x_wconf 88' lang='lat' dir='ltr'><strong>Herodianus</strong></span> <span class='ocrx_word' id='word_1_151' title='bbox 1299 1361 1351 1412; x_wconf 94' lang='lat'><strong>(11</strong></span> <span class='ocrx_word' id='word_1_152' title='bbox 1371 1373 1408 1411; x_wconf 91' lang='lat' dir='ltr'><strong>p.</strong></span> <span class='ocrx_word' id='word_1_153' title='bbox 1429 1361 1510 1399; x_wconf 82' lang='lat'><strong>492</strong></span> <span class='ocrx_word' id='word_1_154' title='bbox 1527 1360 1575 1411; x_wconf 93' lang='lat' dir='ltr'><strong>L)</strong></span> <span class='ocrx_word' id='word_1_155' title='bbox 1612 1360 1768 1400; x_wconf 87' lang='lat' dir='ltr'><strong>exhibet</strong></span> <span class='ocrx_word' id='word_1_156' title='bbox 1797 1360 1860 1410; x_wconf 86' lang='lat' dir='ltr'><strong>(cf.</strong></span> 
     </span>
     <span class='ocr_line' id='line_1_19' title="bbox 371 1427 1861 1478; baseline 0.001 -13"><span class='ocrx_word' id='word_1_157' title='bbox 371 1428 433 1467; x_wconf 80' lang='lat' dir='ltr'><strong>Et.</strong></span> <span class='ocrx_word' id='word_1_158' title='bbox 458 1428 509 1466; x_wconf 83' lang='lat' dir='ltr'><strong>M.</strong></span> <span class='ocrx_word' id='word_1_159' title='bbox 537 1440 575 1478; x_wconf 93' lang='lat' dir='ltr'><strong>p.</strong></span> <span class='ocrx_word' id='word_1_160' title='bbox 597 1428 691 1476; x_wconf 82' lang='lat'>277,</span> <span class='ocrx_word' id='word_1_161' title='bbox 709 1428 761 1466; x_wconf 86' lang='lat'><strong>35</strong></span> <span class='ocrx_word' id='word_1_162' title='bbox 778 1440 874 1478; x_wconf 91' lang='lat' dir='ltr'><strong>sqq.,</strong></span> <span class='ocrx_word' id='word_1_163' title='bbox 902 1429 963 1466; x_wconf 87' lang='lat' dir='ltr'><strong>Et.</strong></span> <span class='ocrx_word' id='word_1_164' title='bbox 990 1428 1088 1468; x_wconf 84' lang='lat' dir='ltr'><strong>Gud.</strong></span> <span class='ocrx_word' id='word_1_165' title='bbox 1119 1441 1155 1478; x_wconf 92' lang='lat' dir='ltr'><strong>p.</strong></span> <span class='ocrx_word' id='word_1_166' title='bbox 1176 1429 1282 1478; x_wconf 87' lang='grc'>148).</span> <span class='ocrx_word' id='word_1_167' title='bbox 1350 1428 1436 1475; x_wconf 80' lang='lat' dir='ltr'><strong>Qua</strong></span> <span class='ocrx_word' id='word_1_168' title='bbox 1474 1441 1495 1467; x_wconf 92' lang='lat' dir='ltr'><strong>e</strong></span> <span class='ocrx_word' id='word_1_169' title='bbox 1533 1428 1727 1478; x_wconf 84' lang='lat' dir='ltr'><strong>farragine</strong></span> <span class='ocrx_word' id='word_1_170' title='bbox 1767 1427 1861 1477; x_wconf 90' lang='lat' dir='ltr'><strong>quid</strong></span> 
     </span>
     <span class='ocr_line' id='line_1_20' title="bbox 370 1494 1861 1546; baseline -0.001 -12"><span class='ocrx_word' id='word_1_171' title='bbox 370 1494 620 1545; x_wconf 85' lang='lat' dir='ltr'><strong>Apollodoro</strong></span> <span class='ocrx_word' id='word_1_172' title='bbox 658 1495 905 1534; x_wconf 88' lang='lat' dir='ltr'><strong>tribuendum</strong></span> <span class='ocrx_word' id='word_1_173' title='bbox 944 1496 1008 1545; x_wconf 90' lang='lat' dir='ltr'><strong>sit,</strong></span> <span class='ocrx_word' id='word_1_174' title='bbox 1048 1496 1199 1535; x_wconf 88' lang='lat' dir='ltr'><strong>etiamsi</strong></span> <span class='ocrx_word' id='word_1_175' title='bbox 1236 1508 1307 1546; x_wconf 91' lang='lat' dir='ltr'><strong>pro</strong></span> <span class='ocrx_word' id='word_1_176' title='bbox 1344 1498 1450 1535; x_wconf 88' lang='lat' dir='ltr'><strong>certo</strong></span> <span class='ocrx_word' id='word_1_177' title='bbox 1486 1496 1687 1535; x_wconf 87' lang='lat' dir='ltr'><strong>enucleari</strong></span> <span class='ocrx_word' id='word_1_178' title='bbox 1715 1495 1861 1545; x_wconf 88' lang='lat' dir='ltr'><strong>nequit,</strong></span> 
     </span>
     <span class='ocr_line' id='line_1_21' title="bbox 372 1563 1860 1613; baseline 0 -12"><span class='ocrx_word' id='word_1_179' title='bbox 372 1566 503 1601; x_wconf 91' lang='lat' dir='ltr'><strong>tamen</strong></span> <span class='ocrx_word' id='word_1_180' title='bbox 542 1564 752 1602; x_wconf 89' lang='lat' dir='ltr'><strong>verisimile</strong></span> <span class='ocrx_word' id='word_1_181' title='bbox 790 1566 883 1613; x_wconf 91' lang='lat' dir='ltr'><strong>puto</strong></span> <span class='ocrx_word' id='word_1_182' title='bbox 920 1575 1004 1602; x_wconf 88' lang='lat' dir='ltr'><strong>esse</strong></span> <span class='ocrx_word' id='word_1_183' title='bbox 1035 1564 1311 1612; x_wconf 84' lang='lat' dir='ltr'><strong>derivationes,</strong></span> <span class='ocrx_word' id='word_1_184' title='bbox 1352 1575 1447 1613; x_wconf 86' lang='lat' dir='ltr'><strong>quas</strong></span> <span class='ocrx_word' id='word_1_185' title='bbox 1478 1563 1667 1602; x_wconf 86' lang='lat' dir='ltr'><strong>Cornutus</strong></span> <span class='ocrx_word' id='word_1_186' title='bbox 1697 1575 1733 1613; x_wconf 94' lang='lat' dir='ltr'><strong>p.</strong></span> <span class='ocrx_word' id='word_1_187' title='bbox 1755 1564 1819 1612; x_wconf 85' lang='lat'><strong>58,</strong></span> <span class='ocrx_word' id='word_1_188' title='bbox 1836 1564 1860 1600; x_wconf 84' lang='lat'><strong>2</strong></span> 
     </span>
     <span class='ocr_line' id='line_1_22' title="bbox 372 1631 1417 1681; baseline 0.001 -12"><span class='ocrx_word' id='word_1_189' title='bbox 372 1634 411 1670; x_wconf 86' lang='lat' dir='ltr'><strong>et</strong></span> <span class='ocrx_word' id='word_1_190' title='bbox 441 1631 504 1678; x_wconf 88' lang='lat'><strong>58,</strong></span> <span class='ocrx_word' id='word_1_191' title='bbox 521 1632 547 1669; x_wconf 90' lang='lat'>4</span> <span class='ocrx_word' id='word_1_192' title='bbox 577 1631 791 1670; x_wconf 89' lang='lat' dir='ltr'><strong>Herodiani</strong></span> <span class='ocrx_word' id='word_1_193' title='bbox 821 1631 964 1670; x_wconf 87' lang='lat' dir='ltr'><strong>similes</strong></span> <span class='ocrx_word' id='word_1_194' title='bbox 993 1631 1151 1681; x_wconf 83' lang='lat' dir='ltr'><strong>profert,</strong></span> <span class='ocrx_word' id='word_1_195' title='bbox 1180 1633 1244 1669; x_wconf 92' lang='lat' dir='ltr'><strong>illi</strong></span> <span class='ocrx_word' id='word_1_196' title='bbox 1274 1631 1417 1671; x_wconf 90' lang='lat' dir='ltr'><strong>deberi.</strong></span> 
     </span>
    </p>

    <p class='ocr_par' dir='ltr' id='par_1_5' title="bbox 371 1699 1860 1885">
     <span class='ocr_line' id='line_1_23' title="bbox 484 1699 1859 1750; baseline 0.001 -13"><span class='ocrx_word' id='word_1_197' title='bbox 484 1700 592 1738; x_wconf 88' lang='lat' dir='ltr'><strong>Haec</strong></span> <span class='ocrx_word' id='word_1_198' title='bbox 622 1699 704 1738; x_wconf 87' lang='lat' dir='ltr'><strong>fere</strong></span> <span class='ocrx_word' id='word_1_199' title='bbox 725 1700 932 1739; x_wconf 86' lang='lat' dir='ltr'><strong>Cornutum</strong></span> <span class='ocrx_word' id='word_1_200' title='bbox 963 1700 1012 1738; x_wconf 88' lang='lat' dir='ltr'><strong>de</strong></span> <span class='ocrx_word' id='word_1_201' title='bbox 1032 1701 1175 1738; x_wconf 89' lang='lat' dir='ltr'><strong>Libero</strong></span> <span class='ocrx_word' id='word_1_202' title='bbox 1205 1703 1314 1750; x_wconf 87' lang='lat' dir='ltr'><strong>patre</strong></span> <span class='ocrx_word' id='word_1_203' title='bbox 1341 1700 1599 1749; x_wconf 86' lang='lat' dir='ltr'><strong>disputantem</strong></span> <span class='ocrx_word' id='word_1_204' title='bbox 1621 1699 1859 1750; x_wconf 85' lang='lat' dir='ltr'><strong>Apollodori</strong></span> 
     </span>
     <span class='ocr_line' id='line_1_24' title="bbox 372 1766 1860 1817; baseline 0 -11"><span class='ocrx_word' id='word_1_205' title='bbox 372 1779 420 1806; x_wconf 88' lang='lat' dir='ltr'><strong>ex</strong></span> <span class='ocrx_word' id='word_1_206' title='bbox 465 1778 585 1817; x_wconf 88' lang='lat' dir='ltr'><strong>opere</strong></span> <span class='ocrx_word' id='word_1_207' title='bbox 630 1766 803 1807; x_wconf 88' lang='lat' dir='ltr'><strong>hausisse</strong></span> <span class='ocrx_word' id='word_1_208' title='bbox 842 1767 1046 1817; x_wconf 83' lang='lat' dir='ltr'><strong>probabile</strong></span> <span class='ocrx_word' id='word_1_209' title='bbox 1086 1771 1161 1816; x_wconf 89' lang='lat' dir='ltr'><strong>est,</strong></span> <span class='ocrx_word' id='word_1_210' title='bbox 1205 1770 1334 1807; x_wconf 88' lang='lat' dir='ltr'><strong>cetera</strong></span> <span class='ocrx_word' id='word_1_211' title='bbox 1372 1767 1538 1807; x_wconf 89' lang='lat' dir='ltr'><strong>fortasse</strong></span> <span class='ocrx_word' id='word_1_212' title='bbox 1576 1768 1654 1806; x_wconf 88' lang='lat' dir='ltr'><strong>alio</strong></span> <span class='ocrx_word' id='word_1_213' title='bbox 1694 1779 1715 1806; x_wconf 90' lang='lat' dir='ltr'><strong>e</strong></span> <span class='ocrx_word' id='word_1_214' title='bbox 1754 1767 1860 1806; x_wconf 84' lang='lat' dir='ltr'><strong>fonte</strong></span> 
     </span>
     <span class='ocr_line' id='line_1_25' title="bbox 371 1835 1398 1885; baseline 0.001 -13"><span class='ocrx_word' id='word_1_215' title='bbox 371 1838 636 1882; x_wconf 90' lang='lat' dir='ltr'><strong>manaverunt,</strong></span> <span class='ocrx_word' id='word_1_216' title='bbox 666 1835 714 1873; x_wconf 90' lang='lat' dir='ltr'><strong>de</strong></span> <span class='ocrx_word' id='word_1_217' title='bbox 744 1847 820 1884; x_wconf 89' lang='lat' dir='ltr'><strong>quo</strong></span> <span class='ocrx_word' id='word_1_218' title='bbox 849 1835 952 1873; x_wconf 83' lang='lat' dir='ltr'><strong>infra</strong></span> <span class='ocrx_word' id='word_1_219' title='bbox 980 1835 1053 1873; x_wconf 87' lang='lat' dir='ltr'><strong>erit</strong></span> <span class='ocrx_word' id='word_1_220' title='bbox 1081 1835 1248 1885; x_wconf 91' lang='lat' dir='ltr'><strong>amplior</strong></span> <span class='ocrx_word' id='word_1_221' title='bbox 1276 1836 1398 1873; x_wconf 90' lang='lat' dir='ltr'><strong>locus.</strong></span> 
     </span>
    </p>

    <p class='ocr_par' dir='ltr' id='par_1_6' title="bbox 371 1902 1861 2294">
     <span class='ocr_line' id='line_1_26' title="bbox 485 1902 1859 1954; baseline -0.001 -12"><span class='ocrx_word' id='word_1_222' title='bbox 485 1903 625 1942; x_wconf 85' lang='lat' dir='ltr'><strong>Totam</strong></span> <span class='ocrx_word' id='word_1_223' title='bbox 664 1915 757 1943; x_wconf 85' lang='lat' dir='ltr'><strong>vero</strong></span> <span class='ocrx_word' id='word_1_224' title='bbox 797 1902 847 1942; x_wconf 89' lang='lat' dir='ltr'><strong>de</strong></span> <span class='ocrx_word' id='word_1_225' title='bbox 885 1903 1074 1953; x_wconf 89' lang='lat' dir='ltr'><strong>Apolline</strong></span> <span class='ocrx_word' id='word_1_226' title='bbox 1113 1906 1152 1942; x_wconf 90' lang='lat' dir='ltr'><strong>et</strong></span> <span class='ocrx_word' id='word_1_227' title='bbox 1191 1903 1320 1942; x_wconf 87' lang='lat' dir='ltr'><strong>Diana</strong></span> <span class='ocrx_word' id='word_1_228' title='bbox 1359 1902 1655 1954; x_wconf 88' lang='lat' dir='ltr'><strong>disputationem</strong></span> <span class='ocrx_word' id='word_1_229' title='bbox 1691 1902 1859 1953; x_wconf 90' lang='lat' dir='ltr'><strong>Apollo-</strong></span> 
     </span>
     <span class='ocr_line' id='line_1_27' title="bbox 371 1970 1861 2021; baseline 0 -12"><span class='ocrx_word' id='word_1_230' title='bbox 371 1970 514 2010; x_wconf 88' lang='lat' dir='ltr'><strong>doreae</strong></span> <span class='ocrx_word' id='word_1_231' title='bbox 549 1983 635 2010; x_wconf 88' lang='lat' dir='ltr'><strong>esse</strong></span> <span class='ocrx_word' id='word_1_232' title='bbox 671 1972 830 2021; x_wconf 85' lang='lat' dir='ltr'><strong>originis</strong></span> <span class='ocrx_word' id='word_1_233' title='bbox 859 1972 1015 2010; x_wconf 82' lang='lat' dir='ltr'><strong>Munzel</strong></span> <span class='ocrx_word' id='word_1_234' title='bbox 1045 1974 1084 2010; x_wconf 90' lang='lat' dir='ltr'><strong>et</strong></span> <span class='ocrx_word' id='word_1_235' title='bbox 1112 1970 1341 2010; x_wconf 88' lang='lat' dir='ltr'><strong>Hefermehl</strong></span> <span class='ocrx_word' id='word_1_236' title='bbox 1376 1972 1595 2010; x_wconf 88' lang='lat' dir='ltr'><strong>certissimis</strong></span> <span class='ocrx_word' id='word_1_237' title='bbox 1625 1971 1861 2021; x_wconf 87' lang='lat' dir='ltr'><strong>argumentis</strong></span> 
     </span>
     <span class='ocr_line' id='line_1_28' title="bbox 373 2039 1860 2089; baseline -0.001 -11"><span class='ocrx_word' id='word_1_238' title='bbox 373 2042 590 2088; x_wconf 84' lang='lat' dir='ltr'><strong>evicerunt,</strong></span> <span class='ocrx_word' id='word_1_239' title='bbox 629 2040 842 2089; x_wconf 88' lang='lat' dir='ltr'><strong>eodemque</strong></span> <span class='ocrx_word' id='word_1_240' title='bbox 881 2039 1086 2079; x_wconf 85' lang='lat' dir='ltr'><strong>referenda</strong></span> <span class='ocrx_word' id='word_1_241' title='bbox 1121 2052 1221 2088; x_wconf 88' lang='lat' dir='ltr'><strong>esse,</strong></span> <span class='ocrx_word' id='word_1_242' title='bbox 1261 2052 1361 2089; x_wconf 87' lang='lat' dir='ltr'><strong>quae</strong></span> <span class='ocrx_word' id='word_1_243' title='bbox 1392 2040 1439 2078; x_wconf 91' lang='lat' dir='ltr'><strong>de</strong></span> <span class='ocrx_word' id='word_1_244' title='bbox 1469 2041 1707 2088; x_wconf 85' lang='lat' dir='ltr'><strong>Aesculapio</strong></span> <span class='ocrx_word' id='word_1_245' title='bbox 1738 2039 1860 2077; x_wconf 86' lang='lat' dir='ltr'><strong>disse-</strong></span> 
     </span>
     <span class='ocr_line' id='line_1_29' title="bbox 371 2106 1861 2158; baseline -0.001 -12"><span class='ocrx_word' id='word_1_246' title='bbox 371 2111 518 2156; x_wconf 88' lang='lat' dir='ltr'><strong>runtur,</strong></span> <span class='ocrx_word' id='word_1_247' title='bbox 565 2110 725 2158; x_wconf 86' lang='lat' dir='ltr'><strong>propter</strong></span> <span class='ocrx_word' id='word_1_248' title='bbox 773 2107 982 2158; x_wconf 90' lang='lat' dir='ltr'><strong>Porphyrii</strong></span> <span class='ocrx_word' id='word_1_249' title='bbox 1030 2107 1150 2158; x_wconf 90' lang='lat' dir='ltr'><strong>(apud</strong></span> <span class='ocrx_word' id='word_1_250' title='bbox 1198 2108 1338 2147; x_wconf 85' lang='lat' dir='ltr'><strong>Euseb.</strong></span> <span class='ocrx_word' id='word_1_251' title='bbox 1377 2108 1419 2146; x_wconf 93' lang='lat' dir='ltr'><strong>P.</strong></span> <span class='ocrx_word' id='word_1_252' title='bbox 1449 2108 1491 2146; x_wconf 83' lang='lat' dir='ltr'><strong>E.</strong></span> <span class='ocrx_word' id='word_1_253' title='bbox 1522 2108 1580 2146; x_wconf 89' lang='lat'><strong>111</strong></span> <span class='ocrx_word' id='word_1_254' title='bbox 1613 2108 1675 2157; x_wconf 93' lang='lat'><strong>11,</strong></span> <span class='ocrx_word' id='word_1_255' title='bbox 1698 2106 1768 2158; x_wconf 80' lang='lat'><strong>26)</strong></span> <span class='ocrx_word' id='word_1_256' title='bbox 1822 2109 1861 2145; x_wconf 88' lang='lat' dir='ltr'><strong>et</strong></span> 
     </span>
     <span class='ocr_line' id='line_1_30' title="bbox 371 2175 1860 2225; baseline -0.001 -10"><span class='ocrx_word' id='word_1_257' title='bbox 371 2176 559 2215; x_wconf 80' lang='lat' dir='ltr'><strong>Macrobii</strong></span> <span class='ocrx_word' id='word_1_258' title='bbox 594 2177 648 2225; x_wconf 90' lang='lat' dir='ltr'><strong>(S.</strong></span> <span class='ocrx_word' id='word_1_259' title='bbox 673 2177 692 2214; x_wconf 97' lang='lat' dir='ltr'>I</span> <span class='ocrx_word' id='word_1_260' title='bbox 714 2177 778 2223; x_wconf 82' lang='lat'><strong>20,</strong></span> <span class='ocrx_word' id='word_1_261' title='bbox 795 2177 837 2225; x_wconf 82' lang='lat'><strong>2)</strong></span> <span class='ocrx_word' id='word_1_262' title='bbox 876 2176 1165 2225; x_wconf 87' lang='lat' dir='ltr'><strong>congruentiam</strong></span> <span class='ocrx_word' id='word_1_263' title='bbox 1207 2178 1367 2214; x_wconf 88' lang='lat' dir='ltr'><strong>constat.</strong></span> <span class='ocrx_word' id='word_1_264' title='bbox 1376 2177 1408 2223; x_wconf 72' lang='grc'><strong>2)</strong></span> <span class='ocrx_word' id='word_1_265' title='bbox 1471 2177 1607 2225; x_wconf 89' lang='lat' dir='ltr'><strong>Itaque</strong></span> <span class='ocrx_word' id='word_1_266' title='bbox 1636 2175 1710 2213; x_wconf 88' lang='lat' dir='ltr'><strong>hac</strong></span> <span class='ocrx_word' id='word_1_267' title='bbox 1740 2175 1789 2213; x_wconf 88' lang='lat' dir='ltr'><strong>de</strong></span> <span class='ocrx_word' id='word_1_268' title='bbox 1818 2186 1860 2213; x_wconf 89' lang='lat' dir='ltr'><strong>re</strong></span> 
     </span>
     <span class='ocr_line' id='line_1_31' title="bbox 372 2243 940 2294; baseline 0 -11"><span class='ocrx_word' id='word_1_269' title='bbox 372 2256 422 2284; x_wconf 89' lang='lat' dir='ltr'><strong>ne</strong></span> <span class='ocrx_word' id='word_1_270' title='bbox 451 2244 613 2283; x_wconf 84' lang='lat' dir='ltr'><strong>verbum</strong></span> <span class='ocrx_word' id='word_1_271' title='bbox 642 2243 798 2294; x_wconf 90' lang='lat' dir='ltr'><strong>quidem</strong></span> <span class='ocrx_word' id='word_1_272' title='bbox 827 2243 940 2283; x_wconf 86' lang='lat' dir='ltr'><strong>addo.</strong></span> 
     </span>
    </p>

    <p class='ocr_par' dir='ltr' id='par_1_7' title="bbox 371 2310 1860 2567">
     <span class='ocr_line' id='line_1_32' title="bbox 483 2310 1859 2361; baseline -0.002 -11"><span class='ocrx_word' id='word_1_273' title='bbox 483 2313 622 2361; x_wconf 87' lang='lat' dir='ltr'><strong>Neque</strong></span> <span class='ocrx_word' id='word_1_274' title='bbox 642 2323 736 2350; x_wconf 86' lang='lat' dir='ltr'><strong>vero</strong></span> <span class='ocrx_word' id='word_1_275' title='bbox 761 2312 917 2350; x_wconf 89' lang='lat' dir='ltr'><strong>silentio</strong></span> <span class='ocrx_word' id='word_1_276' title='bbox 937 2312 1239 2360; x_wconf 86' lang='lat' dir='ltr'><strong>praetermittam</strong></span> <span class='ocrx_word' id='word_1_277' title='bbox 1259 2311 1548 2349; x_wconf 89' lang='lat' dir='ltr'><strong>memorabilem</strong></span> <span class='ocrx_word' id='word_1_278' title='bbox 1569 2310 1859 2359; x_wconf 88' lang='lat' dir='ltr'><strong>congruentiam</strong></span> 
     </span>
     <span class='ocr_line' id='line_1_33' title="bbox 371 2378 1860 2429; baseline -0.001 -10"><span class='ocrx_word' id='word_1_279' title='bbox 371 2379 614 2420; x_wconf 86' lang='lat' dir='ltr'><strong>intercedere</strong></span> <span class='ocrx_word' id='word_1_280' title='bbox 652 2381 753 2418; x_wconf 90' lang='lat' dir='ltr'><strong>inter</strong></span> <span class='ocrx_word' id='word_1_281' title='bbox 787 2379 884 2418; x_wconf 90' lang='lat' dir='ltr'><strong>haec</strong></span> <span class='ocrx_word' id='word_1_282' title='bbox 923 2379 1159 2419; x_wconf 86' lang='lat' dir='ltr'><strong>Cornutiana</strong></span> <span class='ocrx_word' id='word_1_283' title='bbox 1186 2384 1224 2418; x_wconf 88' lang='lat' dir='ltr'><strong>et</strong></span> <span class='ocrx_word' id='word_1_284' title='bbox 1252 2380 1447 2429; x_wconf 92' lang='lat' dir='ltr'><strong>Apionem</strong></span> <span class='ocrx_word' id='word_1_285' title='bbox 1477 2378 1581 2429; x_wconf 89' lang='lat' dir='ltr'><strong>apud</strong></span> <span class='ocrx_word' id='word_1_286' title='bbox 1608 2379 1860 2428; x_wconf 89' lang='lat' dir='ltr'><strong>Apollonium</strong></span> 
     </span>
     <span class='ocr_line' id='line_1_34' title="bbox 372 2445 1860 2498; baseline -0.001 -11"><span class='ocrx_word' id='word_1_287' title='bbox 372 2447 592 2498; x_wconf 87' lang='lat' dir='ltr'><strong>Sophistam</strong></span> <span class='ocrx_word' id='word_1_288' title='bbox 631 2451 670 2486; x_wconf 91' lang='lat' dir='ltr'><strong>et</strong></span> <span class='ocrx_word' id='word_1_289' title='bbox 707 2446 962 2496; x_wconf 88' lang='lat' dir='ltr'><strong>Hesychium,</strong></span> <span class='ocrx_word' id='word_1_290' title='bbox 1003 2458 1079 2497; x_wconf 90' lang='lat' dir='ltr'><strong>qua</strong></span> <span class='ocrx_word' id='word_1_291' title='bbox 1118 2446 1222 2497; x_wconf 92' lang='lat' dir='ltr'><strong>quod</strong></span> <span class='ocrx_word' id='word_1_292' title='bbox 1261 2457 1379 2497; x_wconf 89' lang='lat' dir='ltr'><strong>supra</strong></span> <span class='ocrx_word' id='word_1_293' title='bbox 1418 2446 1466 2485; x_wconf 85' lang='lat' dir='ltr'><strong>de</strong></span> <span class='ocrx_word' id='word_1_294' title='bbox 1496 2445 1743 2497; x_wconf 89' lang='lat' dir='ltr'><strong>Apollodoro</strong></span> <span class='ocrx_word' id='word_1_295' title='bbox 1778 2446 1860 2485; x_wconf 88' lang='lat' dir='ltr'><strong>eius</strong></span> 
     </span>
     <span class='ocr_line' id='line_1_35' title="bbox 373 2516 1299 2567; baseline -0.002 -10"><span class='ocrx_word' id='word_1_296' title='bbox 373 2519 528 2557; x_wconf 83' lang='lat' dir='ltr'><strong>auctore</strong></span> <span class='ocrx_word' id='word_1_297' title='bbox 559 2516 766 2567; x_wconf 81' lang='lat' dir='ltr'><strong>disputavi,</strong></span> <span class='ocrx_word' id='word_1_298' title='bbox 795 2516 939 2566; x_wconf 90' lang='lat' dir='ltr'><strong>optime</strong></span> <span class='ocrx_word' id='word_1_299' title='bbox 969 2516 1133 2556; x_wconf 91' lang='lat' dir='ltr'><strong>stabiliri</strong></span> <span class='ocrx_word' id='word_1_300' title='bbox 1162 2518 1299 2565; x_wconf 87' lang='lat' dir='ltr'><strong>potest.</strong></span> 
     </span>
    </p>
   </div>
   <div class='ocr_carea' id='block_1_3' title="bbox 373 2620 641 2624">
    <p class='ocr_par' dir='ltr' id='par_1_8' title="bbox 373 2620 641 2624">
     <span class='ocr_line' id='line_1_36' title="bbox 373 2620 641 2624; baseline 0 0"><span class='ocrx_word' id='word_1_301' title='bbox 373 2620 641 2624; x_wconf 95' lang='lat' dir='ltr'><strong> </strong></span> 
     </span>
    </p>
   </div>
   <div class='ocr_carea' id='block_1_4' title="bbox 373 2680 1859 2841">
    <p class='ocr_par' dir='ltr' id='par_1_9' title="bbox 373 2680 1859 2841">
     <span class='ocr_line' id='line_1_37' title="bbox 487 2680 1859 2728; baseline -0.001 -10"><span class='ocrx_word' id='word_1_302' title='bbox 487 2685 516 2727; x_wconf 88' lang='lat'><strong>¹)</strong></span> <span class='ocrx_word' id='word_1_303' title='bbox 548 2683 604 2718; x_wconf 85' lang='lat' dir='ltr'><strong>cf.</strong></span> <span class='ocrx_word' id='word_1_304' title='bbox 636 2683 770 2718; x_wconf 90' lang='lat' dir='ltr'><strong>Herod.</strong></span> <span class='ocrx_word' id='word_1_305' title='bbox 787 2682 824 2717; x_wconf 95' lang='lat' dir='ltr'><strong>II</strong></span> <span class='ocrx_word' id='word_1_306' title='bbox 854 2694 890 2728; x_wconf 91' lang='lat' dir='ltr'><strong>p.</strong></span> <span class='ocrx_word' id='word_1_307' title='bbox 907 2685 973 2717; x_wconf 82' lang='lat'><strong>579</strong></span> <span class='ocrx_word' id='word_1_308' title='bbox 996 2683 1119 2717; x_wconf 85' lang='lat' dir='ltr'><strong>Lentz.</strong></span> <span class='ocrx_word' id='word_1_309' title='bbox 1173 2682 1313 2717; x_wconf 89' lang='lat' dir='ltr'><strong>Aelian.</strong></span> <span class='ocrx_word' id='word_1_310' title='bbox 1337 2692 1372 2716; x_wconf 86' lang='lat' dir='ltr'><strong>v.</strong></span> <span class='ocrx_word' id='word_1_311' title='bbox 1396 2681 1431 2715; x_wconf 90' lang='lat' dir='ltr'><strong>h.</strong></span> <span class='ocrx_word' id='word_1_312' title='bbox 1456 2680 1582 2725; x_wconf 80' lang='lat'>11140,</span> <span class='ocrx_word' id='word_1_313' title='bbox 1605 2692 1642 2726; x_wconf 90' lang='lat' dir='ltr'><strong>p.</strong></span> <span class='ocrx_word' id='word_1_314' title='bbox 1660 2684 1702 2716; x_wconf 86' lang='lat'><strong>56</strong></span> <span class='ocrx_word' id='word_1_315' title='bbox 1727 2681 1859 2716; x_wconf 88' lang='lat' dir='ltr'><strong>Herch.</strong></span> 
     </span>
     <span class='ocr_line' id='line_1_38' title="bbox 373 2736 1627 2785; baseline -0.003 -8"><span class='ocrx_word' id='word_1_316' title='bbox 373 2740 523 2785; x_wconf 86' lang='lat' dir='ltr'><strong>Usener,</strong></span> <span class='ocrx_word' id='word_1_317' title='bbox 547 2738 712 2776; x_wconf 72' lang='lat' dir='ltr'><strong>thtern.</strong></span> <span class='ocrx_word' id='word_1_318' title='bbox 736 2749 771 2784; x_wconf 90' lang='lat' dir='ltr'><strong>p.</strong></span> <span class='ocrx_word' id='word_1_319' title='bbox 788 2742 842 2774; x_wconf 77' lang='lat'><strong>45.</strong></span> <span class='ocrx_word' id='word_1_320' title='bbox 890 2738 1092 2784; x_wconf 86' lang='lat' dir='ltr'><strong>Pasparios‚</strong></span> <span class='ocrx_word' id='word_1_321' title='bbox 1115 2737 1162 2774; x_wconf 85' lang='grc' dir='ltr'><strong>Μ.</strong></span> <span class='ocrx_word' id='word_1_322' title='bbox 1179 2737 1249 2773; x_wconf 88' lang='lat' dir='ltr'><strong>Rh.</strong></span> <span class='ocrx_word' id='word_1_323' title='bbox 1274 2740 1316 2773; x_wconf 83' lang='lat'><strong>49</strong></span> <span class='ocrx_word' id='word_1_324' title='bbox 1342 2736 1473 2783; x_wconf 83' lang='lat'>(1894),</span> <span class='ocrx_word' id='word_1_325' title='bbox 1496 2747 1532 2782; x_wconf 89' lang='lat' dir='ltr'><strong>p.</strong></span> <span class='ocrx_word' id='word_1_326' title='bbox 1550 2739 1627 2773; x_wconf 82' lang='lat'><strong>468.</strong></span> 
     </span>
     <span class='ocr_line' id='line_1_39' title="bbox 488 2793 1859 2841; baseline -0.001 -10"><span class='ocrx_word' id='word_1_327' title='bbox 488 2796 518 2841; x_wconf 69' lang='grc'><strong>2)</strong></span> <span class='ocrx_word' id='word_1_328' title='bbox 542 2796 599 2832; x_wconf 88' lang='lat' dir='ltr'><strong>De</strong></span> <span class='ocrx_word' id='word_1_329' title='bbox 614 2795 767 2832; x_wconf 84' lang='lat' dir='ltr'><strong>nominis</strong></span> <span class='ocrx_word' id='word_1_330' title='bbox 783 2794 986 2840; x_wconf 88' lang='lat' dir='ltr'><strong>veriloquio</strong></span> <span class='ocrx_word' id='word_1_331' title='bbox 1004 2793 1049 2830; x_wconf 82' lang='lat' dir='ltr'><strong>cf.</strong></span> <span class='ocrx_word' id='word_1_332' title='bbox 1066 2794 1108 2830; x_wconf 91' lang='lat' dir='ltr'><strong>U.</strong></span> <span class='ocrx_word' id='word_1_333' title='bbox 1126 2794 1173 2830; x_wconf 88' lang='lat' dir='ltr'><strong>de</strong></span> <span class='ocrx_word' id='word_1_334' title='bbox 1188 2793 1438 2839; x_wconf 82' lang='lat' dir='ltr'><strong>Wilamowitz,</strong></span> <span class='ocrx_word' id='word_1_335' title='bbox 1455 2793 1588 2839; x_wconf 82' lang='lat' dir='ltr'><strong>Isyllos</strong></span> <span class='ocrx_word' id='word_1_336' title='bbox 1602 2804 1638 2838; x_wconf 91' lang='lat' dir='ltr'><strong>p.</strong></span> <span class='ocrx_word' id='word_1_337' title='bbox 1651 2796 1694 2829; x_wconf 85' lang='grc'><strong>92</strong></span> <span class='ocrx_word' id='word_1_338' title='bbox 1710 2793 1792 2830; x_wconf 87' lang='lat' dir='ltr'><strong>adn.</strong></span> <span class='ocrx_word' id='word_1_339' title='bbox 1806 2796 1859 2829; x_wconf 86' lang='lat'><strong>70.</strong></span> 
     </span>
    </p>
   </div>
  </div>
 </body>
</html>
