2096 3129
1652 157 1705 194 27

218 269 465 309 transtulisse
495 269 706 309 statuimus.
756 270 826 310 Oui
855 269 1100 309 coniecturae
1130 281 1208 308 non
1238 268 1388 317 desunt,
1418 280 1517 319 quae
1537 268 1707 310 faveant.

218 339 320 377 Nam
348 349 386 387 p.
406 337 444 385 4,
460 337 484 375 5
515 337 704 377 Cornutus
732 339 843 377 illam
871 338 1240 388 interpretationem,
1269 337 1414 388 quippe
1444 350 1522 387 qua
1551 337 1706 377 Saturni

219 405 324 445 notio
373 406 513 444 melius
561 405 611 444 ad
659 406 873 445 Stoicorum
920 405 1124 456 physicam
1167 404 1380 444 doctrinam
1424 405 1706 454 accomodetur,

219 474 374 523 ceteris,
415 485 515 523 quae
545 473 796 523 antecedunt,
835 473 1130 523 praeferendam
1166 485 1250 512 esse
1280 473 1431 513 disertis
1460 473 1587 512 verbis
1615 485 1705 524 pro-

217 540 364 580 fitetur:
404 535 450 596 ἥ,
487 533 596 594 ὅπερ
631 536 968 590 πιθανώτατον,
1010 535 1084 581 διὰ
1114 535 1168 581 τὸ
1198 554 1238 580 κ.
1255 554 1292 580 τ.
1311 541 1391 590 λ.1)
1448 541 1560 580 Hanc
1589 542 1706 590 igitur

217 609 259 647 in
302 609 593 658 insequentibus
638 608 961 659 explicationibus
1006 609 1130 647 solam
1168 608 1347 658 respicit,
1385 607 1490 658 quod
1527 607 1611 648 fieri
1647 609 1704 657 iis,

219 688 317 726 quae
345 688 383 727 p.
406 677 442 725 5,
461 677 480 714 1
514 679 666 716 exstant
704 673 945 730 ἀρξαμένης
984 675 1257 726 (Schmin-BL:
1296 667 1539 729 ἀρξάμενος
1574 674 1703 730 codd.)

218 741 311 798 ῥεῑν
341 741 415 784 καὶ
444 742 642 797 κραίνειν
671 758 711 784 κ.
728 758 767 785 τ.
785 745 823 784 λ.
854 745 946 783 satis
976 745 1083 783 clare
1113 748 1292 795 apparet,
1322 744 1392 784 sed
1422 745 1537 783 etiam
1566 757 1603 795 p.
1624 745 1702 794 4,9

218 810 292 853 καὶ
334 808 417 866 γὰρ
462 808 515 853 τὸ
553 805 678 867 ὕδωρ
720 809 769 853 ἐκ
803 811 883 866 τῆς
916 808 1144 867 εἰρημένης
1177 812 1419 868 μεταβολῆς
1453 811 1618 867 γίνεται
1653 813 1704 852 ad

215 880 318 919 hanc
347 880 720 931 interpretationem,
749 883 883 930 utpote
913 892 1013 930 quae
1042 881 1219 930 proxima
1247 880 1469 929 antecedat,
1498 881 1704 921 referenda

216 950 315 988 sunt.
362 948 494 988 Aliter
522 951 649 988 autem
678 960 740 987 res
770 960 812 987 se
841 947 958 987 habet
985 949 1027 986 in
1057 949 1330 987 commentario
1360 948 1577 988 Hesiodeo:
1612 962 1702 988 nam

216 1014 280 1053 hic
320 1014 419 1053 duae
458 1026 580 1064 aeque
619 1015 878 1065 respiciuntur
914 1014 1069 1053 Saturni
1112 1015 1278 1054 notionis
1318 1015 1601 1065 explicationes
1638 1017 1703 1064 ita,

218 1085 260 1121 ut
289 1082 441 1132 utrique
473 1082 607 1122 eadem
635 1082 826 1122 tribuatur
855 1082 1074 1122 auctoritas.
1121 1083 1298 1121 Innuitur
1327 1083 1428 1121 enim
1456 1083 1531 1121 illa
1550 1082 1705 1122 Saturni

216 1151 337 1198 notio,
381 1162 480 1200 quae
518 1163 556 1200 p.
583 1151 620 1199 4,
642 1151 669 1188 4
711 1150 868 1189 definita
910 1153 1009 1199 erat,
1049 1162 1086 1200 p.
1109 1152 1187 1199 7,2
1223 1150 1288 1201 (cf.
1317 1163 1355 1200 p.
1376 1151 1454 1199 4‚6
1493 1147 1609 1206 ἡνίκ>
1647 1144 1703 1191 ἂν

215 1215 266 1258 ἐκ
293 1214 437 1271 πυρὸς
466 1218 643 1271 κινῆται
671 1215 698 1272 ἡ
729 1215 862 1269 φύσις
891 1215 964 1259 ἐπὶ
993 1213 1046 1258 τὸ
1075 1216 1274 1271 κραίνειν
1303 1217 1376 1258 καὶ
1407 1215 1628 1259 ἐπιτελεῖν
1647 1215 1706 1259 τὰ

217 1279 328 1325 ὄντα
368 1297 454 1324 cum
482 1286 542 1324 his
571 1298 608 1336 p.
631 1287 666 1334 7,
684 1287 725 1324 2:
761 1282 911 1341 ἐπειδὴ
943 1277 1024 1326 ὅσα
1054 1278 1110 1325 ἂν
1138 1283 1311 1339 γίνηται
1342 1278 1454 1326 κατὰ
1480 1281 1563 1326 τὸν
1591 1283 1703 1339 εἰρη-

215 1352 354 1406 μένον
383 1353 459 1408 τῆς
488 1349 703 1408 κινήσεως
731 1349 895 1406 λόγον),
925 1353 995 1392 sed
1014 1355 1140 1392 statim
1161 1353 1316 1392 additur
1335 1353 1409 1394 καὶ
1430 1350 1454 1395 ὁ
1473 1349 1634 1407 χρόνος
1656 1352 1702 1395 δὲ

214 1416 430 1461 τοιοῦτόν
467 1419 510 1460 τί
550 1417 665 1461 ἐστι·
697 1419 946 1461 δαπανᾶται
984 1417 1067 1474 γὰρ
1105 1412 1182 1461 ὑπ’
1222 1419 1362 1462 αὐτοῦ
1400 1417 1456 1462 τὰ
1492 1417 1700 1475 γινόμενα

215 1486 263 1529 ἐν
294 1484 428 1542 αύτῷ,
489 1489 656 1538 Dignum
686 1500 781 1527 vero
811 1491 879 1537 est,
909 1487 1013 1538 quod
1043 1488 1373 1528 animadvertatur
1401 1490 1562 1529 verbum
1592 1487 1702 1541 α’φα-

216 1555 428 1608 νίζεσθαι,
459 1568 534 1606 quo
555 1556 745 1596 Cornutus
774 1557 892 1595 utitur
920 1557 961 1594 in
988 1557 1117 1606 priore
1148 1557 1478 1607 interpretatione,
1509 1569 1557 1596 ex
1576 1559 1701 1596 altera

215 1623 457 1673 desumptum
498 1634 598 1662 esse:
645 1623 693 1662 cf.
733 1623 854 1662 schol.
893 1624 983 1662 Hes.
1019 1623 1168 1674 Theog.
1203 1637 1239 1662 v.
1268 1625 1350 1662 494
1389 1619 1444 1664 τὰ
1482 1621 1565 1678 γὰρ
1605 1621 1698 1665 ὑπὸ

215 1691 300 1731 τοῦ
317 1684 485 1743 χρόνου
507 1686 714 1744 γινόμενα
735 1687 827 1731 ὑπὸ
848 1691 932 1731 τοῦ
949 1686 1116 1745 χρόνου
1132 1686 1267 1732 πάλιν
1283 1690 1554 1744 ἀφανίζεται,
1575 1693 1698 1732 schol.

215 1760 307 1797 Hes.
327 1758 476 1807 Theog.
497 1771 533 1796 v.
557 1760 637 1796 178
668 1751 736 1798 ὅτι
767 1755 791 1797 ὁ
819 1753 980 1810 χρόνος
1013 1759 1107 1798 τῶν
1136 1756 1183 1809 ἐξ
1213 1757 1412 1811 οὐρανοῦ
1442 1758 1517 1800 καὶ
1547 1757 1597 1800 ἐκ
1622 1760 1700 1815 γῆς

213 1823 546 1878 ἀναδιδομένων
567 1822 833 1879 σπερμάτων
851 1822 930 1874 τὰς
949 1820 1241 1879 γονιμότητας
1261 1822 1472 1879 ἀφανίζει.
1515 1827 1698 1868 Commis-

213 1896 347 1932 centur
375 1896 502 1932 autem
531 1893 631 1933 duae
659 1893 939 1944 interpretandi
967 1894 1137 1933 rationes
1162 1906 1199 1945 p.
1221 1895 1257 1943 7,
1274 1895 1338 1933 21.
1396 1895 1549 1935 Etenim
1578 1896 1699 1936 verba

213 1958 240 2016 ἡ
280 1962 358 2016 τῆς
397 1962 490 2002 τῶν
525 1955 647 2002 ὅλων
676 1960 886 2015 γενέσεως
920 1958 1043 2014 τάξις
1080 1964 1275 2013 pertinent
1313 1963 1364 2002 ad
1404 1977 1440 2014 p.
1461 1964 1539 2013 4,2
1579 1964 1697 2005 haec:

214 2026 286 2070 διὰ
316 2024 369 2070 τὸ
398 2025 447 2070 ἐν
476 2027 757 2083 τεταγμένοις
790 2025 958 2084 χρόνου
992 2028 1168 2084 μέτροις
1203 2029 1411 2085 γενέσθαι
1440 2031 1601 2083 ταῦτα,
1640 2034 1697 2072 in-

212 2098 461 2145 sequentibus
509 2100 636 2136 autem
684 2090 740 2152 ἣν
789 2094 956 2150 ἔφαμεν
1003 2090 1093 2139 ἀπὸ
1142 2097 1227 2139 τοῦ
1276 2098 1475 2151 κραίνειν
1518 2097 1698 2153 Κρόνον

215 2162 416 2219 εἰρῆσθαι
445 2164 548 2204 illud
576 2165 831 2215 veriloquium
860 2178 898 2216 p.
918 2165 955 2215 4,
972 2166 997 2205 5
1028 2165 1242 2206 derivatum
1272 2167 1469 2218 repetitur.
1519 2167 1631 2215 Quod
1656 2169 1697 2207 in

214 2244 298 2270 eam
328 2233 526 2280 rationem,
565 2244 642 2282 qua
670 2233 877 2271 Saturnum
906 2233 1015 2273 Caeli
1043 2234 1198 2272 nimiam
1226 2235 1458 2284 procreandi
1487 2236 1565 2273 vim
1594 2247 1695 2274 rese-

213 2300 336 2339 cuisse
366 2301 609 2351 explanatur,
638 2312 717 2340 non
746 2300 919 2351 quadrat.
964 2301 1148 2342 Similiter
1177 2303 1301 2342 altera
1328 2303 1426 2342 ratio
1456 2314 1543 2343 cum
1573 2304 1698 2343 altera

211 2368 381 2416 iungitur
415 2381 453 2417 p.
476 2369 692 2417 31,8sqq.:
733 2381 822 2407 nam
860 2369 959 2408 haec
989 2365 1014 2410 ὁ
1044 2368 1362 2423 προειρημένος
1390 2366 1576 2410 πάντων
1604 2371 1697 2411 τῶν

211 2425 582 2489 ἀποτελεσμάτων
611 2430 743 2489 λόγος
772 2436 994 2476 revocanda
1023 2439 1111 2476 sunt
1139 2437 1190 2476 ad
1218 2450 1255 2488 p.
1277 2438 1314 2486 4,
1332 2439 1354 2475 7
1387 2434 1462 2478 ἐπὶ
1490 2435 1543 2479 τὸ
1574 2436 1695 2492 κραί-

213 2514 306 2541 νειν
336 2500 410 2542 καὶ
447 2495 684 2544 ἀποτελεῖν
712 2500 768 2544 τὰ
798 2501 963 2552 πάντες
1002 2506 1042 2543 in
1070 2505 1360 2554 insequentibus
1390 2508 1528 2556 autem,
1558 2506 1695 2556 quibus

325 2656 353 2701 ¹)
368 2643 370 2645 ¹
384 2656 473 2692 Cum
508 2657 650 2694 Saturni
684 2658 922 2704 explicatione
954 2670 990 2704 p.
1016 2663 1037 2695 4
1071 2660 1191 2696 media
1225 2660 1387 2696 exhibita
1422 2661 1467 2697 ef.
1500 2661 1694 2707 Chrysippi

208 2712 251 2814 ξ.
266 2711 600 2804 igssoaggnispehffl'
615 2714 699 2751 Hes.
716 2714 855 2761 Theog.
871 2726 906 2751 v.
919 2716 1012 2759 459).
1047 2715 1174 2763 Zeller,
1190 2715 1325 2752 Philos.
1342 2716 1377 2753 d.
1395 2716 1574 2755 Griechen
1590 2717 1693 2765 1111,
