2096 3129
1582 126 1641 166 85

159 244 303 285 dudum
331 242 577 282 observatum
598 243 666 290 est,
696 243 735 281 et
752 242 874 291 plane
892 240 1030 281 eadem
1048 241 1169 280 utitur
1186 241 1462 292 allegoriarum
1481 241 1642 281 ratione.

158 311 362 353 Nonnulla
390 321 441 349 ex
468 309 532 358 iis,
567 320 668 360 quae
698 308 803 360 apud
831 308 1040 364 Cornutum
1069 311 1291 358 occurrunt,
1319 308 1423 360 apud
1453 309 1641 350 Senecam

159 391 239 419 non
265 379 466 428 leguntur;
496 388 595 427 quae
624 388 715 416 num
745 376 796 416 ad
815 376 1073 428 Chrysippum
1101 377 1324 417 revocanda
1350 378 1437 427 sint,
1464 378 1506 416 in
1524 376 1641 417 dubio

158 445 399 496 relinquitur.

270 514 331 551 De
370 515 542 551 extremo
580 514 707 551 autem
745 512 1015 562 disputationis
1053 512 1313 551 Cornutianae
1341 512 1433 562 quid
1462 515 1639 562 statuam,

157 580 343 622 confiteor
382 592 443 620 me
481 578 686 620 haesitare.
751 580 852 619 Nam
891 579 1047 619 obvium
1086 583 1147 620 est
1183 592 1222 631 p.
1248 580 1313 629 20,
1330 581 1353 619 7
1392 579 1494 620 illud
1531 581 1639 621 vocis

161 643 348 701 Χάριτες
385 648 658 697 veriloquium,
696 647 800 697 quod
829 647 1077 698 Apollodoro
1117 648 1314 698 placuisse
1352 650 1484 687 notum
1523 651 1581 687 est
1616 660 1638 688 e

157 716 373 767 fragmento
393 715 497 765 apud
516 715 743 755 Erotianum
763 714 882 765 (Τῶν
899 708 1005 769 παρ’
1022 710 1304 769 Ἱπποκράτει
1324 712 1488 767 λέξεων
1508 724 1638 756 συνα-

154 778 275 838 γωγή
303 795 343 833 p.
367 782 445 821 115
465 783 628 831 Klein.):
660 777 847 835 ’Χάριτες
876 778 921 822 αἱ
948 781 1079 835 χαραί
1095 793 1105 802 ·
1142 780 1204 831 οὖς
1233 780 1309 822 καὶ
1328 782 1567 837 Σοφοκλῆς
1589 780 1638 823 ἐν

155 847 333 904 ἐλεγείᾳ.
381 847 613 903 Μέμνηται
633 847 707 889 καὶ
727 841 1063 903 Ἀπολλόδωρος
1087 846 1137 890 ἐν
1162 847 1356 903 δευτέρῳ
1378 847 1480 903 περὶ
1500 849 1635 891 θεῶν.

159 914 270 971 Φησὶ
290 914 339 957 δὲ
359 911 495 965 αὐτὰς
514 915 737 972 κληθῆναι
759 908 847 957 ἀπὸ
866 913 947 969 μὲν
965 916 1043 970 τῆς
1060 916 1196 970 χαρᾶς
1218 913 1412 971 Χάριτας
1431 917 1502 967 (==
1516 916 1563 957 fr.
1580 918 1634 967 3).

156 984 241 1031 Qua
276 984 325 1023 de
359 996 401 1023 re
430 985 586 1023 Mnnzel
613 985 699 1032 1.1.,
728 985 796 1034 qui
828 986 949 1023 totum
984 987 1102 1035 caput
1131 984 1347 1035 Chrysippo
1374 985 1523 1034 tribuit,
1560 985 1636 1025 hac

154 1053 196 1092 in
233 1064 329 1092 voce
368 1051 582 1092 derivanda
618 1051 904 1103 Apollodorum
941 1052 1052 1091 illum
1086 1055 1260 1092 secutum
1296 1064 1381 1093 esse
1419 1054 1635 1104 suspicatus

154 1123 228 1168 est3
267 1120 360 1159 mihi
393 1120 548 1171 quidem
585 1121 832 1160 verisimilius
861 1120 1014 1160 videtur
1042 1121 1249 1161 Cornutum
1279 1121 1549 1171 Apollodorea
1575 1122 1635 1170 iis,

154 1200 254 1238 quae
282 1188 494 1228 Stoicorum
524 1200 546 1228 e
575 1187 752 1228 doctrina
779 1187 961 1238 pendent,
988 1188 1249 1229 immiscuisse.
1301 1189 1453 1228 Etenim
1481 1189 1635 1229 videtur

153 1266 361 1305 apparere,
405 1266 481 1305 quo
525 1255 639 1294 modo
684 1255 950 1305 Chrysippeis,
999 1267 1100 1305 quae
1143 1256 1391 1306 Apollodoro
1434 1256 1634 1305 debentur,

152 1325 283 1361 assuta
320 1323 411 1361 sint:
457 1322 555 1361 haec
594 1322 696 1361 enim
735 1321 840 1372 apud
883 1322 1070 1361 Senecam
1109 1335 1131 1362 e
1171 1322 1389 1373 Chrysippo
1429 1322 1634 1374 desumpta

657 1437 775 1488 αὐτὴν
797 1442 974 1489 παρεῖναί
997 1453 1126 1488 φασιν,
1158 1440 1291 1489 χάνειν
1312 1439 1387 1480 ὑπὸ
1417 1448 1495 1480 τῶν
1524 1437 1634 1481 ἀκου-

656 1496 727 1536 ov'x
764 1494 969 1536 ἀναλύουσι
1006 1494 1126 1545 δήπου
1161 1497 1296 1536 όντων.

404 1558 425 1579 *
658 1553 934 1602 συλλογισμοὺς
947 1546 1126 1602 οὐδ’ἐρω-

655 1616 750 1649 τῶσι
783 1609 1125 1658 μεταλλάττοντας,

654 1663 752 1705 α’λλᾶ
785 1672 906 1705 ταῦτα
940 1666 1126 1715 πράττου-

656 1735 726 1769 σιν,
765 1721 789 1761 ἃ
828 1721 1005 1772 ῥητόρων
1043 1721 1126 1762 ἐστὶ

653 1783 717 1818 καὶ
727 1783 935 1818 πολιτικῶν
945 1777 1064 1827 ἔργα.’
1077 1781 1125 1818 cf.

653 1849 689 1883 p.
715 1841 780 1874 746
792 1837 843 1873 D:
883 1833 1021 1873 αὐτίκα
1055 1843 1124 1874 τοῦ

653 1888 772 1940 λόγου
794 1890 839 1930 τὸ
862 1890 936 1939 μέν
959 1890 1042 1931 ἐστι
1057 1905 1124 1931 πο-

653 1947 796 1986 λιτικὸν
818 1951 883 1985 καὶ
907 1947 1123 1996 βασιλικόν,

653 2002 715 2052 ἐφ’
744 2000 775 2055 ᾧ
807 2002 876 2051 τὴν
902 2002 1124 2051 Καλλιόπην

653 2060 840 2108 τετάχθαι
863 2062 978 2108 φησὶν
993 2056 1015 2097 ὅ
1027 2056 1122 2097 Ἡσί-

653 2120 751 2161 οδος.

259 2187 304 2223 Η.
322 2187 477 2234 Schultz,
499 2187 576 2224 Die
598 2185 919 2232 handschriftliche
948 2178 1219 2232 &berlieferuny
1243 2185 1306 2221 der
1327 2186 1627 2223 Hesiodscholien

146 2254 183 2289 p.
199 2246 241 2279 35
265 2244 303 2281 in
332 2244 548 2292 quibusdam
573 2243 761 2281 codicibus
783 2242 1004 2280 scholiorum
1026 2241 1290 2280 Hesiodeorum
1312 2242 1627 2289 interpretationes

146 2300 325 2336 Musarum
356 2301 537 2337 nominum
565 2301 718 2346 invenit,
749 2310 842 2346 quae
871 2299 1112 2336 inscribuntur
1142 2297 1383 2345 ἐτυμολογίαι
1415 2303 1491 2335 τῶν
1516 2297 1627 2337 ἐννέα

150 2356 329 2394 Μουσῶν.
376 2357 475 2401 Quae
500 2357 760 2403 explicationes
782 2355 985 2393 simillimae
1008 2358 1093 2392 sunt
1115 2355 1327 2398 Diodoreis;
1351 2355 1418 2391 sed
1433 2355 1502 2392 sub
1517 2355 1626 2393 finem

145 2412 291 2449 additur
319 2411 419 2456 τινὲς
447 2411 486 2450 δέ
514 2425 632 2460 φασιν
656 2407 754 2449 εἶναι
776 2410 844 2455 τὰς
869 2410 1030 2455 Μούσας
1053 2409 1120 2448 δύο
1146 2409 1206 2448 διὰ
1230 2409 1274 2447 τὸ
1299 2408 1540 2458 θεωρητικόν
1562 2414 1626 2449 καὶ

145 2465 358 2514 πρακτικὸν
388 2474 454 2516 τῆς
484 2470 726 2516 φιλοσοφίας.
769 2466 1008 2516 θεωρητικὸν
1038 2467 1111 2514 μὲν
1140 2465 1185 2504 τό
1209 2470 1294 2513 (τωι
1316 2469 1412 2513 Par.)
1436 2472 1505 2504 νῶι
1529 2471 1627 2505 θεω-

147 2521 352 2570 ρούμενον,
382 2523 598 2573 πρακτικὸν
622 2524 663 2564 δὲ
687 2522 733 2562 τό
756 2522 1038 2573 πραττόμενον.
1084 2525 1140 2561 De
1164 2524 1304 2561 duabus
1328 2524 1439 2561 Musis
1462 2535 1535 2561 non
1556 2525 1626 2562 nisi

146 2590 168 2616 a
191 2581 351 2619 Cornuto
382 2583 511 2629 agitur,
541 2582 629 2619 nihil
650 2582 718 2619 hac
741 2582 788 2619 de
811 2592 851 2618 re
873 2582 972 2627 apud
996 2592 1059 2619 eos
1082 2581 1291 2628 scriptores,
1324 2581 1385 2627 qui
1407 2581 1626 2627 Apollodori

146 2647 192 2673 ex
224 2649 338 2683 opere
367 2639 544 2685 pendent,
574 2639 663 2675 nihil
693 2638 792 2685 apud
821 2638 1033 2675 Diodorum.
1092 2638 1220 2684 Itaque
1251 2637 1359 2674 valde
1390 2637 1538 2674 difficile
1569 2643 1626 2675 est

146 2693 352 2740 enucleata,
392 2695 490 2732 unde
524 2695 591 2732 hae
624 2694 938 2741 interpretationes
972 2695 1207 2740 depromptae
1241 2694 1323 2729 sint.
1381 2693 1440 2729 Illi
1474 2693 1624 2731 duarum

145 2749 325 2787 Musarum
347 2751 543 2801 allegoriae
566 2751 720 2795 fortasse
743 2751 923 2790 Cornutus
946 2751 1027 2800 ipse
1049 2749 1251 2800 praefulsit.
