2096 3129
388 147 441 188 14

386 261 546 301 censuit.
605 260 683 300 Sed
711 261 793 300 tale
823 273 847 299 a
875 260 1035 300 Cornuti
1064 261 1345 302 consuetudine
1373 261 1543 310 alienum
1571 264 1641 301 est.
1694 261 1875 313 Suspicor

386 330 479 367 olim
524 330 669 367 lectum
714 340 799 367 esse
839 320 953 368 ὅθεν
986 327 1063 368 καὶ
1103 329 1262 384 κλῆσιν
1297 325 1391 382 ἔσχε
1425 330 1540 379 (scil.:
1583 327 1612 383 ἡ
1648 325 1785 383 κριθή
1825 329 1874 368 cf.

385 408 423 435 v.
444 396 486 446 4)
515 396 598 435 sive
628 394 779 446 aliquid
808 395 947 444 simile,
977 394 1048 435 sed
1077 397 1385 448 superscriptum
1410 407 1496 437 esse
1525 392 1553 452 ἦ
1581 391 1732 451 κριθή,
1768 395 1874 447 quod

384 465 425 501 in
460 466 682 503 contextum
711 464 919 513 inrepserit
947 466 986 503 ct
1013 464 1054 502 in
1083 464 1314 514 quibusdam
1343 465 1540 505 codicibus
1567 465 1608 502 in
1637 461 1761 517 κριός
1790 476 1874 503 cor-

384 533 537 582 ruptum
575 532 641 580 sit,
681 530 839 571 detrusa
878 533 1005 572 autem
1044 542 1130 572 esse
1164 532 1287 573 verba
1322 532 1482 587 κλῆσιν
1521 527 1628 586 ἔσχε.
1691 533 1793 572 Nam
1830 544 1873 572 re

384 612 477 639 vera
495 599 571 639 hoc
591 600 792 639 enuntiato
813 599 1095 640 derivationem
1109 602 1218 641 vocis
1232 597 1370 655 κριθή
1391 602 1590 650 contineri,
1609 600 1795 651 probatur
1813 599 1874 640 his

383 666 597 707 Herodiani
616 668 682 717 (ΙΙ,
696 667 730 718 1,
750 679 787 718 p.
809 667 903 716 538,
920 667 974 706 24
994 668 1149 719 Lentz):
1176 664 1314 725 κριθή
1333 700 1343 710 .
1357 701 1366 710 .
1385 700 1395 710 .
1425 662 1454 723 ἢ
1475 665 1549 710 διὰ
1566 663 1619 709 τὸ
1638 666 1874 721 κρίνεσθαι

383 734 457 776 καὶ
498 733 837 788 διαχωρίζεσθαι
883 727 1023 788 αὐτὴν
1057 731 1148 777 ἀπὸ
1184 736 1278 776 τῶν
1317 732 1494 791 ἀχύρων
1531 731 1622 777 ὑπὸ
1652 735 1747 776 τῶν
1776 727 1872 776 ἆνέ-

381 815 491 855 μων.
536 803 657 842 Uncis
686 803 850 842 sublatis
878 803 1084 853 participia
1110 801 1742 858 τριβομένη-διακρινομένη,
1772 814 1873 853 quae

381 871 422 909 in
451 870 648 909 codicibus
678 873 843 920 exstant,
871 871 1031 909 retineri
1059 874 1233 921 possunt.

494 950 533 988 p.
554 938 619 986 54,
636 939 772 976 9—11
806 932 976 993 ἐκλήθη
1006 936 1081 979 καὶ
1110 935 1137 992 ἦ
1168 933 1374 994 Δημήτηρ
1404 931 1650 981 Ἐλευσινία
1680 933 1767 980 ἀπὸ
1795 937 1873 994 τῆς

383 1000 549 1048 αύτόθι
594 1006 777 1060 πρῶτον
821 1002 1035 1056 ἐλεύσεως
1079 1005 1317 1061 γενομένης
1364 1014 1459 1057 τοῖς
1502 1001 1763 1062 ἀνθρώποις
1812 1005 1872 1056 εἰς

382 1067 681 1128 ἀνθρώπινον
709 1067 855 1122 ὄντως
883 1073 996 1124 βίον.
1045 1076 1159 1115 Hanc
1187 1076 1419 1115 sententiam
1449 1076 1573 1115 editor
1592 1087 1671 1114 non
1689 1078 1795 1114 recte
1814 1076 1872 1113 in-

379 1143 581 1181 tellexisse
610 1141 774 1190 videtur,
803 1142 976 1191 alioquin
1005 1154 1091 1181 eam
1120 1154 1200 1181 non
1229 1143 1450 1182 delevisset.
1507 1144 1676 1183 Verbum
1706 1138 1872 1197 ἐκλήθη

380 1208 642 1249 revocandum
682 1212 741 1248 est
779 1212 817 1249 et
855 1209 908 1248 ad
945 1221 1082 1249 vocem
1112 1205 1137 1251 ὁ
1168 1202 1308 1259 τόπος
1337 1212 1377 1250 et
1405 1210 1457 1249 ad
1485 1206 1512 1264 ἡ
1546 1205 1765 1266 Δημήτηρε
1795 1221 1871 1260 quo

380 1278 495 1317 modo
525 1278 560 1316 si
589 1278 804 1317 sententiae
835 1277 1179 1317 conformationem
1207 1279 1481 1329 intellegimus,
1510 1278 1610 1317 nihil
1637 1281 1697 1318 est
1724 1279 1766 1316 in
1795 1279 1871 1327 quo

381 1344 631 1385 offendamus.

494 1426 532 1463 p.
553 1414 618 1460 56,
635 1413 867 1461 22—57‚5
906 1408 1123 1467 μυστήρια
1162 1411 1200 1452 δ’
1230 1406 1351 1465 ἄγειν
1380 1406 1573 1467 ἤρξαντο
1604 1411 1715 1465 αὐτῇ
1745 1414 1872 1463 φιλο-

383 1479 652 1531 σοφοῦντες,
692 1471 781 1533 ἅμα
820 1478 874 1532 τῇ
914 1475 1081 1533 εὑρέσει
1119 1479 1214 1520 τῶν
1252 1475 1482 1533 πρὸςτὸν
1518 1477 1620 1530 βίον
1646 1477 1871 1533 χρησίμων

379 1546 455 1588 καὶ
499 1546 555 1599 τῇ
597 1542 845 1600 πανηγύρει
887 1546 1116 1600 χαίροντες
1156 1543 1218 1595 ὥς
1263 1545 1492 1600 μαρτυρίῳ
1527 1542 1747 1601 χρώμενοι
1784 1547 1872 1588 τοῦ

378 1614 640 1655 πεπαῦσθαι
668 1612 943 1667 μαχομένους
972 1607 1134 1662 αὐτοὺς
1152 1610 1361 1669 ἀλλήλοις
1380 1612 1482 1666 περὶ
1501 1614 1594 1655 τῶν
1613 1610 1872 1668 ἀναγκαίων

378 1680 544 1736 μυσιᾶν
572 1696 632 1731 τε,
663 1675 689 1723 ὅ
719 1680 812 1723 ἐστι
840 1682 1142 1738 κεκορῆσθαι·
1171 1677 1372 1724 πιθανὸν
1401 1679 1485 1736 γὰρ
1514 1680 1730 1724 ε’ντεῦθεν
1757 1674 1871 1724 ω’νο-

377 1745 549 1803 μάσθαι
578 1744 635 1790 τὰ
662 1743 895 1803 μυστήρια,
926 1741 1038 1790 ὅθεν
1068 1748 1144 1790 καὶ
1173 1748 1307 1803 μυσία
1333 1745 1456 1803 παρά
1473 1746 1632 1805 τισινὴ
1654 1745 1870 1805 Δημήτηρ,

378 1811 406 1870 ἢ
429 1810 519 1858 ἀπὸ
539 1816 624 1858 τοῦ
640 1813 821 1870 μώσεως
842 1816 1017 1858 δεῖσθαι
1037 1812 1093 1858 τὰ
1114 1813 1450 1871 δυσξύμβλητόν
1469 1831 1511 1857 τι
1532 1813 1700 1870 ἔχοντα.
1747 1818 1871 1856 Totus

377 1885 491 1924 huius
520 1885 600 1924 loci
628 1883 783 1924 habitus
813 1885 893 1925 stili
922 1885 1149 1925 Cornutiani
1177 1887 1309 1924 notam
1337 1896 1433 1935 prae
1458 1896 1500 1924 se
1520 1884 1607 1924 fert.
1654 1883 1871 1925 Occurrunt

376 1954 486 1991 illius
523 1953 705 2002 propriae
743 1964 861 1991 voces
899 1952 995 1991 hae:
1038 1948 1284 2005 μαρτύριον
1321 1953 1371 1992 cf.
1400 1965 1438 2002 p.
1464 1953 1530 2000 26,
1554 1953 1626 2000 113
1669 1949 1871 1993 πιθανόν

378 2019 427 2060 cf.
456 2032 495 2071 p.
521 2019 587 2070 44,
609 2020 674 2059 22.
710 2020 778 2069 47,
802 2020 874 2068 12;
913 2016 1127 2061 ἐντεῦθεν
1167 2019 1272 2070 quod
1306 2020 1450 2071 passim
1490 2020 1653 2071 legitur3
1690 2015 1870 2074 μώσεως

378 2089 426 2128 ct'.
455 2101 493 2138 p.
517 2089 581 2137 14,
597 2089 635 2136 8,
674 2089 741 2127 nbi
774 2088 889 2127 huius
925 2088 973 2127 de
1009 2089 1195 2128 vocabuli
1229 2089 1269 2127 vi
1307 2090 1425 2138 plura
1464 2088 1569 2127 dicta
1596 2091 1696 2128 sunt.
1753 2090 1813 2128 De
1843 2082 1868 2129 ὅ

377 2153 469 2197 ἐστι
498 2157 574 2195 iam
604 2167 725 2207 supra
753 2156 807 2207 (p.
831 2157 894 2205 10,
924 2155 973 2196 cf.
1001 2168 1039 2207 p.
1063 2157 1131 2207 13)
1161 2157 1284 2197 verba
1312 2155 1401 2196 feci.

491 2237 529 2274 p.
560 2224 625 2272 57,
651 2224 820 2263 12—15
859 2220 1051 2264 ἐκάλουν
1089 2220 1174 2277 γὰρ
1212 2221 1296 2265 τὸν
1336 2219 1475 2277 λόγον
1515 2220 1718 2278 εἰρήνην·
1759 2220 1783 2265 ὁ
1823 2221 1870 2265 δὲ

377 2286 569 2344 πόλεμος
599 2284 689 2331 ἀπὸ
718 2290 803 2331 τοῦ
833 2286 1030 2339 πολλοὺς
1059 2283 1249 2332 ὀλλύναι
1279 2284 1424 2339 οὕτως
1453 2283 1706 2343 ω’νόμασται
1729 2284 1756 2344 ἢ
1779 2285 1868 2332 α’πὸ

377 2357 463 2399 τοῦ
502 2354 725 2411 παλάμαις
765 2353 977 2399 σπεύδειν
1009 2356 1319 2412 περιγίνεσθαι
1348 2357 1444 2399 τῶν
1473 2355 1701 2399 ἐναντίων.
1760 2360 1869 2400 Haec

377 2424 499 2463 verba
527 2436 761 2474 quamquam
783 2425 908 2475 primo
928 2425 1084 2475 quidem
1104 2426 1241 2465 obtutu
1260 2425 1442 2464 videntur
1461 2436 1546 2465 esse
1565 2425 1868 2466 additamentum

376 2490 582 2543 illepidum
629 2495 669 2532 et
707 2504 1057 2543 supervacaneum,
1101 2496 1248 2544 tamen,
1288 2492 1394 2544 quod
1433 2485 1576 2542 οὕτως
1614 2485 1869 2548 ὠνόμασται

377 2560 555 2608 occurrit,
584 2571 660 2610 quo
690 2560 739 2600 de
767 2572 838 2600 usu
868 2572 986 2612 supra
1013 2573 1050 2612 p.
1070 2562 1119 2600 ll
1142 2560 1210 2611 (ad
1229 2561 1344 2601 Corn.
1363 2572 1401 2611 p.
1420 2560 1486 2610 43,
1502 2561 1664 2613 8—14)
1691 2561 1868 2612 vidimus,

376 2627 547 2668 Cornuto
586 2640 663 2667 non
703 2627 1020 2669 abiudicaverim.
1085 2630 1176 2669 Non
1210 2629 1327 2679 aequi
1360 2629 1543 2668 momenti
1576 2641 1704 2680 neque
1737 2632 1869 2672 tamen

373 2694 761 2745 praetermittendum
790 2698 849 2735 est
877 2696 1037 2735 verbum
1065 2694 1375 2750 περιγίνεσθαι
1402 2695 1614 2736 identidem
1641 2698 1682 2736 in
1708 2697 1869 2738 Cornuti
1913 2683 1916 2692 ⁸

375 2763 476 2803 libro
506 2762 604 2813 legi:
635 2761 684 2802 cf.
713 2774 750 2813 p.
774 2764 837 2812 13,
853 2764 890 2803 2.
922 2764 986 2815 37,
1005 2764 1039 2804 l.
1070 2765 1136 2814 39,
1156 2765 1217 2804 10.
1248 2764 1396 2814 39,20.
