2096 3129
1653 149 1705 190 15

335 278 373 317 p.
395 266 459 316 57,
480 265 663 316 21—58,
682 266 702 304 1
725 258 930 318 διὸνυξος
950 257 1018 306 ὢν
1036 257 1076 320 ἦ.
1125 264 1233 304 Haec
1252 263 1384 312 verba,
1414 273 1514 313 quae
1534 274 1613 302 non
1631 263 1707 302 nisi

222 334 264 371 in
307 333 505 373 codicibus
549 335 704 383 generis
743 346 764 372 e
801 335 972 381 exstant,
1017 332 1144 372 editor
1186 343 1267 370 non
1307 332 1482 381 recipere
1521 330 1667 369 debuit.
1677 330 1707 379 ¹)

223 401 356 451 Atque
398 401 553 441 omnino
595 401 636 440 in
678 401 789 441 initio
834 400 987 451 capitis,
1031 411 1107 450 quo
1151 398 1199 438 de
1241 398 1383 438 Libero
1421 399 1532 449 patre
1570 397 1707 448 agitur,

222 469 470 508 resarciendo
510 470 632 519 magis
672 469 909 520 argumentis
943 481 968 506 a
1002 467 1354 507 Schmitt-Blankio
1388 467 1553 516 prolatis
1593 478 1706 515 quam

223 535 452 587 optimorum
494 536 670 577 codicum
712 536 941 576 auctoritate
982 534 1102 575 fretus
1146 547 1170 574 a
1211 546 1304 574 vero
1347 533 1465 573 valde
1508 531 1707 574 aberrasse

222 603 386 645 videtur.
443 604 765 645 Proficiscendum
803 607 862 644 est
895 617 919 643 a
954 603 1129 643 codicum
1164 603 1417 643 lectionibus:
1454 603 1640 652 leguntur
1666 603 1708 640 in

224 670 422 711 codicibus
467 684 555 723 gen.
596 685 622 711 a
660 672 775 712 haec:
818 667 1024 725 τυγχάνει
1068 667 1115 712 δὲ
1157 666 1181 711 ὁ
1219 666 1432 719 Διόνυσος
1468 663 1570 723 ἦτοι
1618 662 1708 710 διό-

223 741 396 788 νυσοςῖ)
434 732 502 780 ὢν
539 733 567 794 ἢ
599 733 699 781 οἷον
728 735 937 794 διάνησος
965 734 1088 792 παρὰ
1116 732 1169 779 τὸ
1200 736 1385 779 διαίνειν
1422 728 1535 792 ἡμᾶς
1569 733 1708 792 ἡδέως

222 799 249 860 ἢ
277 802 401 860 παρὰ
438 802 490 847 τὸ
528 803 611 863 τὴν
650 801 853 848 διάνοιαν
890 803 1130 860 ἐπομβρεῑν
1165 803 1240 846 καὶ
1274 803 1560 859 καταβρέχειν
1588 803 1709 859 ἐσχη-

222 869 313 922 κως
350 868 434 928 τὴν
473 874 778 929 προσηγορίαν
818 867 907 915 ἀπὸ
946 874 1027 927 τῆς
1063 866 1200 921 ὕσεως
1234 866 1262 926 ἢ
1302 869 1462 914 ὡσανεὶ
1504 868 1710 921 διάλυσος

224 940 497 997 κεκλημένος
525 956 564 983 κ.
584 956 622 983 τ.
645 942 699 992 λ.,
733 942 775 980 in
811 942 1007 982 codicibus
1042 953 1129 991 gen.
1159 936 1193 980 b'
1223 940 1322 980 haec
1351 940 1575 983 traduntur:
1611 953 1650 980 τ.
1672 937 1708 980 δ.

224 1005 263 1051 ὃ.
285 1009 331 1051 Δ.
361 1004 462 1065 ἦτοι
497 1006 706 1059 διάνυσος
734 1005 856 1064 παρὰ
884 1005 936 1051 τὸ
968 1007 1152 1051 διαίνειν
1180 999 1292 1065 ἡμᾶς
1321 999 1461 1062 ἡδέως
1488 1001 1516 1064 ἢ
1546 1004 1709 1049 ὡσανεὶ

223 1072 431 1125 διάλυσος
474 1076 754 1132 κεκλημένος.
821 1079 868 1116 In
911 1078 976 1126 iis,
1021 1089 1121 1127 quae
1164 1076 1277 1116 codd.
1321 1088 1408 1126 gen.
1446 1087 1474 1114 a
1509 1076 1709 1126 praebent,

222 1147 444 1195 corruptum
474 1157 558 1185 esse
589 1141 794 1193 διόνυσος
824 1146 951 1195 quivis
979 1146 1104 1195 primo
1133 1145 1269 1184 obtutu
1297 1144 1511 1193 intellegit;
1539 1144 1580 1182 in
1605 1143 1710 1182 codi-

222 1212 330 1252 cibus
350 1224 437 1263 gen.
459 1206 491 1251 b'
512 1215 638 1253 autem
659 1214 743 1253 sine
764 1213 879 1252 dubio
898 1225 977 1252 non
995 1213 1147 1263 integra
1162 1214 1251 1251 sunt
1266 1207 1472 1260 διὰνυσος
1485 1233 1542 1240 -
1556 1206 1708 1267 ἡδέως.

222 1282 336 1321 Patet
373 1283 501 1320 autem
543 1282 626 1330 via,
665 1293 742 1331 qua
780 1281 974 1320 medelam
1012 1281 1183 1331 reperire
1223 1281 1434 1330 possimus:
1472 1281 1514 1318 in
1547 1282 1710 1328 utroque

222 1346 398 1387 codicum
444 1359 587 1399 genere
633 1348 788 1388 videtur
839 1347 989 1399 aliquid
1032 1347 1130 1388 recti
1172 1350 1368 1387 servatum
1406 1358 1508 1397 esse,
1552 1358 1630 1397 qua
1666 1358 1710 1386 re

221 1416 340 1454 lectio
374 1428 462 1465 gen.
491 1428 518 1454 a
552 1428 638 1455 cum
674 1418 846 1455 lectione
875 1428 963 1465 gen.
993 1411 1028 1454 b'
1058 1419 1150 1466 apte
1185 1416 1456 1466 coniungenda
1483 1418 1554 1454 est.
1609 1417 1710 1455 Nam

221 1481 341 1522 facile
384 1482 468 1522 fieri
505 1484 646 1533 potuit,
690 1487 733 1523 ut
771 1484 984 1523 scribarum
1023 1483 1257 1523 socorditatc
1285 1495 1403 1523 voces
1432 1484 1534 1522 inter
1561 1495 1603 1522 se
1631 1484 1709 1521 tam

222 1551 371 1590 similes
402 1551 730 1602 confunderentur
758 1554 825 1591 aut
854 1551 1003 1601 aliquid
1032 1552 1283 1591 omitteretur.
1330 1552 1563 1590 Persuasum
1583 1554 1711 1590 autem

221 1617 348 1658 habeo
376 1630 448 1669 pro
478 1615 695 1670 διόνυσος,
720 1619 832 1670 quod
861 1630 984 1670 genus
1004 1631 1031 1657 a
1048 1619 1221 1669 praebet,
1249 1618 1462 1669 legendum
1482 1629 1577 1669 esse,
1606 1617 1712 1668 quod

222 1687 264 1725 in
292 1682 329 1726 b'
349 1687 526 1736 traditur,
556 1683 777 1736 διάνυσος.
826 1689 912 1728 Hoc
939 1687 1057 1738 igitur
1085 1687 1200 1727 modo
1229 1687 1473 1727 scribendum
1503 1689 1582 1726 est:
1610 1700 1648 1727 τ.
1671 1684 1709 1727 δ.

222 1750 261 1795 ὁ.
291 1753 338 1796 Δ.
382 1748 482 1810 ἢτοι
529 1751 737 1804 διάννσος
786 1748 813 1811 ἢ
851 1748 952 1796 οἷον
999 1750 1204 1810 διάνησος
1252 1749 1374 1809 παρὰ
1425 1747 1478 1795 τὸ
1526 1752 1711 1795 διαίνειν

221 1819 332 1878 ἡμᾶς
368 1819 508 1877 ἡδέως
536 1817 564 1880 ἢ
591 1819 714 1877 παρὰ
748 1819 801 1864 τὸ
841 1819 924 1878 τὴν
963 1818 1167 1864 διάνοιαν
1201 1820 1441 1876 ἐπομβρεῑν
1474 1821 1550 1863 καὶ
1579 1836 1711 1863 κατα-

222 1888 391 1944 βρέχειν
432 1886 622 1945 ἐσχηκώς
664 1886 746 1947 τὴν
790 1889 1095 1946 προσηγορίαν
1129 1886 1219 1932 ἀπὸ
1253 1890 1331 1946 τῆς
1369 1882 1510 1940 ὕσεως
1538 1904 1577 1931 κ.
1604 1904 1643 1932 τ.
1671 1890 1709 1931 λ.

223 1958 301 1997 Sed
338 1957 429 1998 ficta
466 1971 546 1997 vox
575 1954 782 2007 διάνυσος
816 1960 904 1997 aliis
932 1960 1062 1998 verbis
1095 1960 1338 2009 interpositis
1373 1959 1422 1997 ab
1456 1960 1505 1997 iis
1535 1959 1711 1997 seiuncta

223 2027 291 2076 est,
320 2026 458 2077 quibus
486 2025 600 2067 huius
630 2021 889 2077 etymologias
917 2028 1017 2066 ratio
1046 2027 1264 2067 accuratius
1290 2027 1510 2077 exponitur3
1539 2026 1712 2077 sequitur

222 2095 313 2133 cola
341 2106 427 2134 esse
456 2095 746 2145 transponenda
774 2097 813 2134 et
832 2094 1098 2134 scribendum:
1129 2109 1166 2135 τ.
1189 2094 1227 2135 ὁ.
1249 2090 1274 2135 ὁ
1296 2095 1343 2135 Δ.
1375 2087 1473 2149 ἦτοι
1503 2091 1711 2142 διάνυσος

223 2153 289 2201 ὢν
318 2156 440 2216 παρὰ
468 2154 522 2203 τὸ
551 2157 636 2216 τὴν
666 2157 871 2204 διάνοιαν
900 2158 1140 2216 έπομβρεῑν
1170 2160 1245 2203 καὶ
1273 2159 1560 2216 καταβρέχειν
1589 2158 1710 2217 ἐσχη-

222 2226 315 2278 κῶς
344 2226 428 2284 τὴν
456 2228 761 2283 προσηγορίαν
792 2225 881 2271 ἀπὸ
910 2229 989 2282 τῆς
1017 2223 1159 2279 ὕσεως
1186 2224 1214 2285 ἢ
1244 2224 1344 2271 οιον
1364 2226 1572 2284 διάνησος
1589 2226 1711 2282 παρὰ

222 2290 276 2336 τὸ
321 2293 507 2337 διαίνειν
549 2292 663 2350 ἡμᾶς
711 2293 854 2349 ἡδέως
901 2289 929 2352 ἢ
976 2293 1138 2338 ωσανεὶ
1187 2292 1396 2346 διάλυσος
1432 2294 1712 2350 κεκλημένος,

223 2353 300 2413 ἀφ’
329 2352 380 2418 ἧς
419 2360 551 2419 ἀρχῆς
590 2362 665 2404 καὶ
708 2359 861 2406 λύσιον
899 2358 1042 2405 αὐτὸν
1081 2362 1156 2405 καὶ
1202 2365 1361 2406 λυαῖον
1399 2359 1711 2417 ἐπωνόμασαν,

225 2424 395 2470 λύοντα
425 2426 504 2478 τὰς
533 2428 755 2485 μερίμνας.
804 2432 943 2482 Neque
972 2432 1014 2470 in
1042 2432 1173 2471 verbis
1204 2427 1370 2472 λύοντα
1389 2424 1469 2480 τὰς
1487 2429 1711 2485 μερίμνας,

222 2508 322 2546 quae
374 2499 487 2539 nulla
537 2500 731 2550 particula
782 2500 994 2550 praemissa
1046 2499 1096 2539 ad
1153 2511 1369 2551 cognomen
1421 2499 1711 2550 explanandum

336 2664 365 2708 ¹)
396 2663 697 2702 Schmitt-Blank
735 2666 773 2702 iu
805 2676 850 2702 eo
875 2666 1045 2713 offendit,
1080 2667 1182 2712 quod
1213 2667 1326 2712 desit,
1363 2677 1436 2711 quo
1467 2667 1568 2703 vocis
1601 2667 1711 2702 rictas

223 2716 395 2761 διόνυξος
416 2720 519 2757 notio
544 2721 758 2768 explicetur.

335 2778 366 2822 ²)
390 2772 472 2822 ἦτοι
498 2774 673 2821 διόνυσος
695 2778 732 2814 in
755 2779 800 2815 N
818 2779 961 2816 desunt.
